1754 2990
75 123 305 168 INGERTI
321 124 479 168 AUGT.
497 121 717 166 BREV'ES
734 121 1001 166 ENARRAT.
1018 122 1343 167 CHRONOGR.
1374 122 1465 169 167

34 246 272 298 Φιλιππικὸς
301 248 355 290 ἐν·
374 246 485 304 αῧτῴ·
510 250 568 304 τῷ
597 243 705 302 τόπῳ
736 249 808 299 τῆς
835 243 1096 303 χρυσοφόροι)
1128 250 1339 303 βασιλικῆς
1367 248 1466 291 ἀπε-

31 313 283 369 δοκιμάσθη,
318 315 500 371 “Τερβελὶ
540 317 612 356 τοῦ
653 315 906 370 Βουλγαρίας
947 317 1071 358 ἐκεῖσε
1111 314 1304 366 πολλάκις
1342 318 1466 359 καθί-

29 399 192 435 σαντος,
227 383 295 425 καὶ
324 380 557 439 Γλιαβάρου
590 379 799 438 Χαζάρου.
867 381 999 425 πάκτα
1022 378 1091 426 οὖν
1111 383 1184 425 οὐκ
1206 384 1319 440 ὀλίγα
1345 385 1467 428 ἐκεῖσε

28 448 252 506 ἐδόθησαν,
286 449 388 492 ἔνθα
417 450 542 492 αὐτοῦ
571 454 645 491 τοῦ
666 447 858 506 τυράννου
882 453 946 492 καὶ
967 455 1039 505 τῆς
1058 452 1241 506 γυναικὸς
1264 452 1315 495 τὰ
1338 451 1464 508 ἀγάλ-

0 523 148 571 5ματα.
186 572 189 575 .
214 515 348 568 ἐνόἷς
376 519 520 575 ἐλέφας
545 519 707 560 ἵσταται
737 519 1017 573 παμμεγέθης,
1052 517 1107 569 ὥς
1137 521 1175 561 οἳ
1203 522 1459 577 θηριοδέκται
1481 526 1513 560 Ε

26 583 121 640 ἡμῖν
161 585 406 640 ἐβεβαίωσαν
447 587 504 641 μὴ
547 587 731 641 γενέσθαι
771 585 902 628 ἐπάνω
945 587 1067 629 αὐτοῦ
1101 587 1146 629 τὸ
1181 588 1351 643 μέγεθος
1384 592 1464 631 τῶν

25 651 270 710 ἐλεφάντων,
304 659 384 697 τῶν
419 655 461 695 δέ
489 652 670 709 μεγάλων
702 655 776 704 ἕως
806 653 946 704 οὕτως.
1012 649 1127 704 οὗτος
1158 654 1180 697 ὃ
1212 657 1355 713 ἐλέφας
1384 655 1463 699 ὕπὸ

25 719 210 776 Σεβήρου
249 725 322 763 τοῦ
361 719 503 777 Κάρου
537 722 727 776 ’Έλληνος
767 720 954 777 ἐτυπῶθη
991 721 1128 775 θέαμά
1169 739 1207 764 τι
1247 724 1349 765 κατὰ
1390 724 1463 778 τὴν

25 787 258 845 παράδοσιν.
326 790 367 831 ἐν
394 789 471 845 γὰρ
501 793 553 845 τῇ
585 789 687 846 αὐτῇ
703 788 947 847 χρυσορόφῳ
966 794 1156 846 βασιλικῇ
1177 790 1245 832 τὸν
1267 792 1463 847 ἐλέφαντα

0 855 263 912 ῦπαραμένειν
293 857 347 906 εἲς
375 857 513 910 θέαμα
541 857 712 907 ἐξαίσιον
723 871 737 883 ·-
768 855 862 912 ὅρον
883 858 959 914 γὰρ
983 856 1081 899 εἶναι
1103 858 1204 913 πρὸς
1224 862 1297 900 τοῦ
1317 858 1464 915 μέρους

0 927 102 982 Κ,τῶν
132 923 384 985 ἀναβαθμῶν
414 929 494 967 τῶν
526 923 588 978 οβ’
620 925 771 980 ἔλεγον,
806 925 907 967 ἔνθα
938 927 1003 967 καὶ
1033 925 1155 979 σχολὴ
1187 924 1464 982 φυλαττόντων

21 987 149 1033 πόλιν.
217 991 257 1032 ἐν
300 991 410 1049 αὐτῷ
453 992 499 1035 δέ
535 1009 635 1049 φασι
667 993 736 1035 τὸν
768 994 962 1049 ἐλέφαντα
994 993 1232 1048 παραμένειν
1267 997 1325 1051 τῷ
1355 993 1464 1051 τόπῳ

23 1059 153 1119 ἐκείνῳ
186 1056 425 1116 Καρκινῆλῳ
456 1059 717 1118 ἄργυροκόπῳ
751 1062 792 1103 ἐν
822 1065 1013 1110 πλαστοῖς
1045 1062 1173 1116 ζυγοῖς
1208 1060 1282 1115 τὴν
1317 1066 1462 1119 πρᾶσιν

21 1126 265 1183 ποιουμένῳ·
300 1126 401 1169 ὥστε
421 1131 479 1184 τῷ
503 1129 753 1184 δια-τρέφοντι
775 1129 844 1170 τὸν
866 1129 1082 1186 ἐλέφαντα,
1108 1130 1252 1185 φασίν,
1277 1129 1460 1181 ἀπειλεῖν,
1483 1137 1511 1171 Ρ
1532 1135 1575 1172 91

0 1193 85 1236 ὃὸτι
107 1195 174 1236 καὶ
197 1195 406 1249 ἐπορθεῖτο
430 1192 571 1236 τούτου
595 1195 640 1236 τὸ
665 1195 831 1249 οἴκημα·
866 1198 932 1236 καὶ
955 1195 1143 1244 πολλάκις
1167 1199 1461 1250 διαβεβαιωσα-

17 1261 142 1315 μένου
166 1260 344 1304 θάνατον
365 1265 423 1318 τῷ
445 1259 707 1319 θηριοτρόφῳ
717 1294 730 1313 ,
766 1265 798 1303 εἲ
818 1263 874 1316 μὴ
898 1267 1038 1304 τοῦτον
1061 1262 1307 1318 κρατήσειεν·
1345 1264 1463 1313 αὐτὸς

23 1330 67 1371 δὲ
90 1328 159 1384 διὰ
180 1328 253 1378 τὰς
271 1327 452 1382 βαγύλας
473 1327 736 1384 ἐλαιοφόρους
756 1322 1046 1386 κρατῆσαιῖιῦκ
1069 1331 1256 1371 ἐνεδίδου.
1324 1329 1368 1373 ὃν
1398 1333 1464 1372 καὶ

22 1394 219 1453 φονεύσας
241 1393 262 1437 ὅ
286 1395 406 1446 αὐτὸς
428 1395 697 1451 ζυγοπλάστης
719 1401 776 1454 τῷ
796 1397 979 1453 ἐλέφαντι
1002 1399 1056 1446 εἰς
1076 1401 1229 1454 βρῶσιν
1248 1397 1462 1453 προέθηκε.

21 1468 93 1507 τοῦ
128 1464 172 1506 δὲ
202 1465 351 1521 θηρίου
375 1462 600 1507 ἄτιθάσσου
625 1463 757 1515 ὄντος,
792 1466 858 1506 καὶ
882 1464 1002 1506 αὐτὸν
1025 1463 1278 1518 ἐξηνάλωσεν.
1348 1463 1371 1506 ὃ
1394 1467 1463 1507 καὶ

0 1534 204 1589 ΦΣεβῆρος
231 1529 406 1582 ἀκούσας
428 1533 574 1582 θυσίας
596 1537 652 1590 τῷ
674 1532 806 1589 θηρίῳ
831 1531 902 1574 οὐκ
925 1531 1059 1587 ὀλίγας
1081 1530 1353 1590 προσήνεγκεν.
1421 1533 1462 1574 ἐν

13 1599 133 1658 ,αὗτῷ
150 1599 231 1658 ,γὰρ
253 1604 310 1657 τῷ
331 1598 440 1658 τόπῳ
463 1599 647 1655 παρευθῦ
670 1602 735 1642 καὶ
759 1598 1099 1654 ἄπετυπώθησαν·
1133 1600 1234 1642 ἔνθα
1251 1602 1317 1642 καὶ
1327 1598 1459 1658 εΗρα-
1483 1609 1511 1643 Β

22 1669 120 1722 κλῆς
141 1666 362 1724 ἐλατρεῦθη
374 1700 386 1719 ,
417 1667 656 1722 παμπόλλας
678 1669 824 1717 θυσίας
848 1665 1078 1720 δεξάμενος,
1101 1669 1166 1708 καὶ
1190 1669 1229 1709 ἐν
1251 1672 1309 1725 τῷ
1325 1666 1461 1710 Ἱππο-

25 1736 176 1791 δρομίῳ
207 1736 400 1789 μετετέθη
435 1737 489 1783 εἷς
520 1733 655 1787 θέαμά
688 1752 726 1776 τι
757 1735 951 1790 μέγιστον.
1017 1734 1062 1777 τὸ
1095 1735 1139 1776 δὲ
1168 1732 1360 1792 πρότερον
1381 1735 1459 1778 ἀπὸ

114 1842 160 1877 10
179 1837 272 1883 πρὸς
292 1840 378 1884 τοῦ]
400 1837 547 1883 πρώτου
569 1839 640 1874 alii.

23 1943 131 1975 mare,
155 1930 292 1976 quando
315 1935 350 1963 et
370 1929 579 1974 Philippicas
599 1930 717 1964 eodem
739 1930 815 1975 ipso
838 1931 874 1964 in
897 1931 970 1964 loco
993 1930 1159 1965 Basilicae
1179 1942 1261 1965 auro
1280 1932 1458 1975 laqueatae

22 1979 304 2023 abrogatussest3
341 1975 399 2009 ubi
420 1976 616 2020 plerumque
638 1976 799 2011 Terbelis
822 1976 990 2021 Bulgarus
1013 1981 1050 2010 et
1071 1977 1256 2011 Gliabarus
1281 1976 1457 2010 Chazasus

23 2024 199 2058 sederunt.
242 2022 292 2056 ibi
322 2033 389 2054 non
420 2032 551 2066 paucae
581 2027 703 2064 pactae
733 2021 899 2066 pecuniae
928 2022 1030 2056 datae
1050 2027 1152 2066 sunt,
1188 2034 1255 2066 quo
1277 2022 1352 2055 loco
1374 2022 1457 2055 item

22 2069 163 2112 tyranni
200 2072 236 2101 et
272 2067 389 2100 uxoris
423 2067 494 2099 eius
525 2071 660 2099 statuae
691 2072 783 2100 sunt.
830 2067 921 2099 inter
950 2078 1036 2111 quas
1066 2073 1138 2102 stat
1167 2067 1306 2111 elephas
1337 2063 1462 2100 tanta&

22 2112 287 2158 magnitudinis,
321 2117 360 2145 ut
392 2111 621 2145 asserentibus
649 2110 836 2145 belluarum
862 2112 1058 2146 custodibus
1084 2114 1194 2146 nullus
1217 2112 1346 2144 maiore
1368 2111 1454 2144 mole

23 2158 161 2203 elephas
191 2158 399 2202 reperiatur.
447 2157 584 2202 elephas
617 2161 729 2189 autem
757 2157 814 2190 ille
842 2168 864 2190 a
888 2157 1018 2191 Severo
1042 2159 1134 2192 Caro
1159 2159 1294 2190 Graeco
1317 2156 1455 2189 effictus

24 2209 78 2238 est
109 2203 152 2237 ad
182 2203 429 2247 spectaculum,
463 2208 502 2235 ut
533 2201 638 2236 aiunt.
684 2201 721 2234 in
755 2201 813 2235 illa
845 2202 972 2248 quippe
1002 2202 1153 2237 Basilica
1183 2213 1264 2235 auro
1294 2202 1455 2244 laqueata

24 2252 192 2284 statutum
225 2249 340 2282 fuerat
375 2252 416 2281 ut
450 2247 587 2291 elephas
621 2246 826 2280 consisteret
861 2247 903 2280 ad
936 2252 1103 2283 ostentum
1138 2246 1453 2291 singularissimum.

22 2294 142 2329 collem
172 2292 262 2327 enin
290 2304 366 2327 esse
396 2294 536 2327 aiebant
560 2296 640 2325 ante
665 2297 795 2336 partem
818 2293 980 2335 graduum
1001 2295 1178 2339 octoginta
1199 2293 1359 2334 duorum,
1397 2290 1454 2324 ubi

23 2345 61 2374 et
82 2339 199 2374 schola
220 2339 397 2372 custodum
415 2339 512 2372 urbis
535 2338 741 2372 excubabat.
786 2338 858 2382 ibi,
878 2342 918 2373 ut
935 2345 1109 2381 narratur,
1136 2337 1315 2373 Carcinelo
1332 2348 1455 2382 argen-

24 2385 131 2428 tario,
165 2383 291 2428 iniquis
312 2384 467 2418 lancibus
492 2384 671 2426 vendenti,
707 2382 844 2427 elephas
866 2384 1052 2419 molestiam
1075 2385 1233 2427 creabat,
1265 2383 1315 2416 ita
1337 2388 1376 2416 ut
1398 2382 1455 2414 ille

23 2430 244 2474 gubernatori
274 2429 448 2472 elephanti
477 2431 675 2475 plerumque
707 2428 943 2463 interminatus
974 2431 1041 2474 uit,
1074 2429 1200 2463 additis
1231 2429 1333 2461 etiam
1361 2427 1455 2461 necis

24 2475 222 2509 inferendae
252 2475 350 2508 minis
383 2475 451 2508 nisi
483 2474 717 2519 elephantum,
754 2473 812 2518 qui
836 2474 902 2508 sibi
925 2476 1101 2510 tabernam
1126 2474 1325 2515 evertebat,
1359 2472 1457 2506 cohi-

23 2520 136 2556 beret.
179 2520 237 2554 ille
258 2531 343 2553 vero
365 2519 457 2564 quod
475 2521 582 2554 oleum
599 2519 821 2560 conveheret,
846 2520 1025 2566 elephanto
1040 2521 1207 2565 imperare
1223 2529 1289 2550 non
1304 2522 1453 2562 poterat.

26 2575 123 2610 quem
145 2565 284 2599 tandem
305 2565 451 2599 occisum
473 2565 611 2610 iniquus
630 2564 846 2609 argentarius
859 2565 1039 2611 elephanto
1054 2563 1284 2599 devorandum
1300 2562 1452 2608 apponit.

25 2610 139 2644 bestia
159 2621 244 2644 vero
266 2611 414 2645 nondum
437 2611 590 2645 cicurata
612 2611 701 2644 illum
727 2620 860 2654 quoque
881 2611 1065 2645 interemit.
1113 2621 1180 2654 quo
1203 2609 1320 2642 audito
1343 2610 1454 2644 Seve-

26 2666 87 2689 rus
107 2654 236 2690 hostias
256 2657 393 2691 bestiae
414 2667 483 2690 non
505 2668 634 2701 paucas
660 2655 804 2694 obtulit;
826 2659 929 2699 atque
951 2669 992 2690 eo
1012 2656 1086 2700 ipso
1109 2656 1184 2688 loco
1207 2655 1360 2688 confecta
1381 2658 1453 2689 sta-

26 2705 87 2734 tua
119 2699 203 2743 fuit,
234 2701 293 2736 ubi
324 2702 431 2736 etiam
461 2701 626 2737 Hercules
658 2701 773 2734 multis
793 2700 915 2735 hostiis
938 2707 975 2736 et
997 2700 1174 2734 sacrificiis
1195 2700 1306 2734 cultus
1326 2702 1451 2736 fuerat.

26 2750 134 2791 utque
154 2745 258 2780 multo
279 2747 387 2792 magis
410 2749 606 2792 spectaculo
629 2751 741 2789 esset,
764 2746 801 2780 in
821 2746 1090 2793 Hippodromum
1110 2746 1265 2780 invectus
1285 2750 1358 2791 est,
1382 2759 1453 2781 cum
