1708 3022
586 121 914 184 PRAEFATIO.
1432 151 1481 182 x·

11 291 197 341 quorum
225 291 356 326 *unum
389 290 415 319 a
445 275 502 320 V.
539 274 605 318 cl.
634 276 843 320 Peirescio
879 275 992 319 dono
1023 285 1257 332 acceperat,
1308 278 1484 318 alterum

0 351 125 417 {vem
139 378 211 411 xex
239 361 443 405 Vaticano
485 361 712 417 exemplari
750 366 960 401 curaverat
993 359 1247 411 transscribi,
1295 368 1486 415 quattuor

25 448 117 494 alii.
151 444 369 490 codicibus
409 442 455 483 in
497 439 737 487 adornanda
779 440 961 485 editione
1003 456 1101 484 usus
1143 457 1259 495 sum,
1310 456 1487 499 quorum

20 529 201 588 ,dmum
250 540 305 573 ex
358 523 595 568 Britannico
646 524 875 582 exemplari
921 522 1175 582 descriptum
1222 523 1339 567 dedit
1383 526 1489 567 mihi

0 609 324 669 {maiesataam
356 605 538 653 baacius
572 607 772 659 Vossius,
809 621 904 650 cum
938 605 1075 650 adhuc
1108 622 1244 652 essem
1276 609 1489 652 Amstero-

0 678 159 749 ξᾶοιιιίς
206 688 436 738 secundum
475 688 530 733 R·
571 687 621 736 Ρ,
662 689 843 736 Iacobus
886 689 1132 735 Sirmondus
1168 706 1336 734 mecum
1374 706 1491 736 com-

0 763 271 824 nummu
303 773 471 817 tertium
501 772 610 817 mihi
643 771 923 830 suppeditavit
955 774 1207 816 bibliotheca
1234 775 1364 829 Regia
1394 789 1490 832 per-

24 857 154 901 missu
186 855 298 902 Petri
331 863 374 899 et
401 853 544 900 Iacobi
568 853 844 899 Puteanorum
870 857 1066 908 ἔπεια-ως
1098 865 1288 914 quartum
1312 860 1491 916 ipsemet

24 937 185 980 Romae
218 939 264 978 in
295 937 546 978 bibliotheca
578 936 854 978 vallicellana
886 940 1064 996 repperi.

160 1020 369 1061 Hactenus
417 1019 507 1060 dixi
550 1018 661 1060 unde
705 1018 855 1063 codini
890 1020 1085 1067 ἀνέκδοτα
1122 1023 1368 1081 prodierint:
1422 1036 1491 1063 se-

27 1103 162 1159 quitur
204 1111 251 1144 ut
292 1102 435 1159 paucis
480 1115 599 1155 agam
643 1101 696 1142 de
738 1103 845 1143 meis
889 1105 1328 1148 animadversionibus.
1395 1107 1490 1146 illas

27 1199 127 1227 vero
169 1193 251 1224 tres
294 1185 476 1225 maxime
518 1186 573 1225 ob
617 1197 758 1225 causas
801 1188 1045 1243 conscripsi,
1090 1202 1242 1244 nempe
1275 1196 1321 1228 ut
1354 1189 1491 1229 varias

29 1267 246 1314 lectiones,
282 1277 387 1318 quae
420 1278 588 1304 sensum
621 1266 797 1305 auctoris
828 1267 1046 1308 immutare
1077 1283 1201 1324 posse
1234 1269 1494 1323 videbantur,

28 1348 205 1389 aliorum
258 1344 435 1397 ingeniis
486 1344 769 1385 diiudicandas
818 1361 1116 1402 proponerem3
1175 1357 1264 1390 tum
1311 1358 1355 1390 ut
1399 1351 1490 1391 loca

28 1425 229 1467 mendosa
277 1408 401 1467 dubia
443 1428 615 1468 obscura
660 1413 780 1482 atque
822 1428 960 1470 minus
1000 1438 1110 1470 recte
1150 1432 1202 1471 ab
1237 1413 1330 1472 aliis
1366 1432 1490 1473 intel-

28 1512 136 1551 lecta
175 1509 418 1561 corrigerem
457 1516 498 1548 et
531 1509 800 1565 explicarem,
848 1519 890 1551 et
925 1513 997 1552 ubi
1033 1527 1138 1569 opus
1174 1521 1303 1565 esset,
1353 1529 1489 1555 corre-

31 1592 176 1634 ctionis
208 1599 330 1647 atque
361 1591 648 1648 explicationis
674 1593 793 1633 meae
817 1594 1021 1634 rationem
1047 1593 1278 1636 redderem.
1344 1610 1489 1654 verum

31 1681 168 1714 utrum
210 1687 286 1726 ego
329 1674 409 1715 hoc
450 1672 560 1728 quod
603 1675 708 1715 mihi
749 1689 1044 1731 proposueram
1077 1677 1183 1717 bene
1217 1679 1488 1733 praestiterim

32 1769 180 1807 necne,
234 1769 301 1796 res
345 1755 436 1812 ipsa
473 1739 684 1797 indicabit.
749 1757 916 1798 interim
957 1766 1116 1811 tamen,
1172 1760 1305 1800 amice
1345 1763 1487 1814 lector,

33 1837 163 1879 velim
203 1836 279 1877 tibi
319 1837 566 1894 persuadeas
608 1838 754 1880 sedulo
788 1854 858 1880 me
894 1855 1062 1898 operam
1097 1840 1280 1894 dedisse,
1326 1851 1372 1883 ut
1406 1844 1488 1884 uti-

34 1918 139 1958 litati
188 1924 282 1957 tuae
331 1933 407 1975 pro
456 1919 611 1961 viribus
658 1922 764 1962 meis
814 1935 937 1977 quam
984 1921 1227 1965 fidelissime
1278 1924 1488 1977 servirem,

35 2013 166 2055 neque
206 2006 366 2056 praeter
407 1998 581 2040 modum
619 2001 792 2056 diligens
827 2011 948 2060 atque
979 2020 1065 2047 non
1100 2008 1326 2048 necessaria
1359 2009 1489 2048 multa

34 2089 105 2123 aut
142 2081 351 2123 multoties
394 2083 444 2122 ab
487 2082 580 2122 aliis
622 2093 741 2125 antea
782 2084 890 2126 dicta
930 2088 1158 2145 compilans
1190 2089 1386 2146 patientia
1419 2098 1489 2131 tua

34 2164 231 2204 abuterer.
299 2161 352 2204 ad
387 2164 489 2204 haec
522 2178 603 2220 quo
636 2167 798 2208 facilius
830 2169 938 2209 mihi
970 2170 1221 2223 ignosceres,
1257 2173 1388 2213 sicubi
1419 2175 1488 2215 vel

36 2245 81 2285 in
106 2245 294 2287 versione
317 2246 388 2287 vel
410 2245 455 2286 in
479 2247 899 2292 animadversionibus
923 2251 1158 2295 humanitus
1180 2256 1318 2312 lapsus
1342 2270 1489 2307 essem,

38 2340 183 2368 omnes
223 2327 391 2370 omnino
432 2331 667 2372 occasiones
701 2331 810 2384 fugi,
852 2346 958 2388 quae
991 2335 1153 2377 oblatae
1186 2338 1292 2378 mihi
1325 2340 1489 2378 fuerunt

37 2405 94 2448 ad
134 2408 493 2452 contradicendum
531 2412 584 2454 iis
625 2412 695 2468 qui
738 2421 831 2454 ante
865 2429 935 2456 me
967 2416 1125 2473 aliquid
1160 2417 1311 2461 codini
1344 2418 1487 2459 edide-

37 2496 131 2529 runt
171 2492 242 2533 vel
284 2505 401 2533 secus
445 2506 568 2548 quam
607 2496 822 2552 oportebat
855 2496 1168 2552 intellexerunt3
1214 2508 1255 2541 et
1288 2499 1487 2554 siquando

38 2573 278 2613 necessitate
322 2582 483 2616 coactus
525 2576 587 2616 fui
628 2590 771 2618 eorum
813 2591 965 2621 errores
1001 2579 1209 2634 detegere,
1252 2589 1405 2623 tantam
1437 2596 1486 2623 ea

38 2647 85 2689 in
114 2665 159 2692 re
192 2650 362 2695 adhibui
394 2656 719 2699 moderationem
752 2667 797 2699 ut
830 2669 968 2701 contra
999 2675 1102 2718 quos
1134 2663 1306 2704 scribam
1337 2665 1485 2706 obscu—

41 2743 133 2772 rum
167 2734 240 2785 sit,
284 2736 550 2780 manifestum
586 2753 707 2791 vero,
750 2754 819 2781 me
853 2757 938 2783 non
971 2757 1022 2784 eo
1057 2744 1137 2783 hoc
1171 2745 1320 2787 fecisse
1353 2755 1398 2787 ut
1433 2762 1485 2788 ex
