1754 2990
317 121 542 165 BREVES
575 122 847 165 ENARRAT.
883 123 1211 170 GHRONOGR.
1395 128 1491 175 177

33 242 80 285 τὸ
107 240 318 298 χάραγμα.
350 289 360 296 ,
384 249 465 288 τῶν
491 245 536 288 δὲ
559 245 780 288 ’Ῑουλιανοῦ
803 241 1040 303 «marinus,
1076 249 1203 299 εῧθύς
1222 249 1368 301 ἐκεῖνος
1390 249 1493 297 εἶπεν

34 309 95 353 ὅτι
125 311 299 365 μέλανος
327 311 550 369 ἆνθρῶπου
580 312 729 367 στήλην
760 315 968 369 τεθέαμαι.
1036 319 1103 359 καὶ
1125 316 1230 359 πάνυ
1253 318 1493 376 ἠρυθρίασε,

33 381 99 421 καὶ
123 381 349 436 παραυτίκα
371 379 522 435 ταύτην
544 383 751 433 κατέαξεν,
782 385 847 424 καὶ
873 383 1004 440 δόγμα
1025 386 1272 442 προέθηκεν,
1305 388 1366 430 ὅτι
1389 388 1493 433 ὅπου

34 447 104 489 ἐὰν
135 445 287 504 εὗρεθῇ
307 450 349 490 ἓν
365 457 567 505 χαραγαῖς
591 452 764 504 νουμίων
788 451 834 492 τὸ
858 459 1038 496 τοιοῦτον
1058 453 1283 510 ὑπόδειγμα
1295 487 1310 508 ,
1342 459 1409 498 καὶ
1431 457 1490 513 μὴ

0 520 92 574 5τῷ
116 517 301 574 ’δημοσίῳ
330 523 602 575 καταμηνυθῇ
612 551 625 570 ‚
661 521 877 574 ὃημευθεὶς
899 520 920 563 ὃ
943 527 1121 574 τοιοῦτος
1142 522 1345 582 ἓξόριστος
1367 527 1489 569 Κων-

32 583 393 636 οταντινουπόλεως
414 588 586 641 γένηται.

163 653 306 703 Πολὺς
327 649 375 708 ἦν
399 655 615 705 Ἰουλιανὸς
637 656 678 697 ἒν
698 657 955 711 μαγγανίαις·
989 657 1087 700 ὅθεν
1110 661 1176 701 καὶ
1199 666 1283 710 τοῖς
1306 659 1487 711 εἰδώλοις
1509 670 1539 704 C

33 723 87 769 εἷς
110 719 259 774 στήλας
280 722 515 775 βασιλικάς,
542 725 687 781 φασίν,
711 723 934 777 ἔξεικόνιζε,
958 728 1025 768 καὶ
1048 733 1366 783 προσκυνεῖσθαι
1389 728 1488 771 ταύ-

30 805 103 838 τας
126 786 181 838 ὥς
199 792 400 842 βασιλέων
422 791 576 842 εἰκόνας
598 791 806 847 ἠνάγκαζε.
873 794 974 847 μεθ’
1001 789 1056 838 ὧν
1077 798 1143 837 καὶ
1167 798 1208 838 ἓν
1230 802 1280 853 τῇ
1303 801 1491 852 Νικομη-

0 857 132 899 οδέων
152 858 396 915 μητροπόλει
420 860 469 902 τὸ
491 866 565 903 τοῦ
582 859 829 911 Ἀπόλλωνος
846 861 1008 917 ἄγαλμα
1021 865 1347 920 χρυσέγκαυστον
1362 882 1488 908 κατα-

30 922 229 975 σκευάσας
261 929 328 969 καὶ
360 931 433 982 τῆς
467 932 571 978 θεᾶς
601 930 856 986 Ἀρτέμιδος,
900 930 1037 984 νόμοις
1071 930 1224 985 ὁμοίοις
1258 934 1487 987 ἐνομοθέτει

28 999 364 1048 ῑιροσκυνεῖσθαι,
399 995 454 1046 ὡς
488 997 614 1040 αὐτοῦ
648 1000 770 1054 φησὶν
804 996 901 1041 εἶναι
936 1001 1003 1041 καὶ
1035 1005 1109 1054 τῆς
1140 1005 1315 1056 γαμετῆς
1351 1000 1489 1043 ἰνδάλ-

28 1075 160 1115 ματα·
197 1062 381 1105 ὅθενέκαὶ
405 1064 569 1122 ἄπειρον
589 1070 750 1121 πλῆθος
770 1068 918 1109 κλαπὲν
940 1070 996 1118 εἷς
1020 1070 1347 1126 εἴδωλολατρείαν
1368 1070 1486 1113 κατέ·
1508 1077 1540 1112 D

29 1146 158 1172 πεσεν.

0 1206 21 1242 5
160 1197 226 1239 Ἐν
256 1205 340 1248 τοῖς
368 1199 583 1250 Πανεάδος
611 1202 748 1256 μέρεσι
772 1206 822 1257 τῇ
845 1203 1164 1258 ἕπονομαξομένῃ
1187 1206 1416 1264 Καισαρείᾳ
1439 1210 1489 1261 τῇ

32 1267 258 1317 Φιλίππου,
293 1268 546 1323 διερχομένου
566 1269 785 1311 ’Ῑουλιανοῦ
794 1300 807 1319 ,
831 1268 876 1311 τὸ
901 1275 973 1328 τῆς
995 1269 1291 1326 αἱμορροούσης
1314 1272 1490 1325 ἴνδαλμα

28 1333 303 1388 θεασάμενος,
337 1337 404 1377 καὶ
441 1336 566 1378 αὐτοῦ
599 1342 672 1379 τοῦ
703 1338 838 1391 Ἰησοῦ
869 1336 938 1379 τὸν
971 1337 1215 1394 ἀνδριάντα,
1252 1337 1308 1388 ὡς
1339 1338 1487 1395 ἔλεγον,

27 1400 101 1444 ὑπ’
139 1402 264 1457 αὐτῆς
294 1405 693 1447 κατασκευασθέντα·
729 1406 771 1447 ἓν
805 1402 867 1454 οἶς
898 1413 1093 1461 κεκυφυΐα
1126 1404 1153 1460 ἡ
1185 1405 1307 1461 γυνή,
1340 1409 1406 1450 καὶ
1435 1413 1488 1464 τῇ

28 1471 140 1529 δεξιᾷ
173 1475 246 1512 τοῦ
280 1473 508 1528 κρασπέδου
543 1477 618 1515 τοῦ
651 1471 887 1529 ἀνδριάντος
915 1473 1049 1527 Ἰησοῦ
1082 1471 1297 1529 ἁπτομένη.
1363 1476 1488 1529 μέσον

0 1537 106 1587 §nov
138 1538 313 1593 βοτάνης
346 1539 469 1592 εἶδος,
516 1539 773 1598 ἀλεξητήριον
809 1539 1025 1598 φάρμακον
1059 1541 1161 1599 πρὸς
1195 1547 1329 1585 πᾶσαν
1363 1542 1482 1586 νόσον
1504 1554 1535 1588 Ε

27 1605 268 1662 ἐπιτήδειον,
313 1609 478 1666 ἔκφυέν,
521 1611 587 1651 καὶ
623 1607 820 1668 τυφλούς,
865 1608 919 1658 ὥς
955 1626 1080 1665 φασι,
1122 1610 1217 1659 τοὺς
1253 1612 1297 1652 ἐκ
1331 1614 1486 1662 κοιλίας

26 1675 179 1733 μητρὸς
209 1675 445 1727 ἐξελθόντας
475 1675 688 1720 ἰάσασθαι.
755 1682 873 1719 τοῦτο
906 1677 948 1717 δὲ
978 1678 1043 1718 καὶ
1074 1677 1270 1731 Εὐσέβιος
1303 1677 1324 1720 ὃ
1356 1682 1484 1733 Παμ-

118 1793 141 1827 2
174 1789 284 1836 μέλας
312 1793 369 1827 hic
399 1793 488 1828 idem
521 1798 575 1828 est
600 1798 703 1839 atque
726 1791 851 1834 κακός.
896 1794 949 1829 εἰσ
971 1795 1061 1829 inter
1082 1795 1226 1830 Latinos
1248 1795 1418 1832 Horatius
1442 1810 1483 1832 eo

117 1839 286 1872 vocabulo
310 1839 436 1872 utitur:
471 1840 527 1872 Ιιίο
549 1840 656 1884 niger
678 1846 749 1878 θεὶς
782 1841 878 1874 hunc
899 1846 962 1884 tu,
997 1841 1175 1884 Romane,
1210 1847 1342 1877 cavero.
1390 1844 1484 1877 simi—

116 1884 198 1917 liter
229 1883 401 1928 hodieque
430 1884 508 1918 Itali
532 1885 699 1920 hominem
721 1886 910 1930 improbum
931 1892 1058 1920 vocant
1072 1889 1243 1932 suu-bum,
1279 1889 1377 1933 quasi
1394 1892 1482 1932 sur-

117 1941 201 1963 vum
222 1929 248 1964 i.
273 1942 304 1964 e.
328 1930 475 1974 nigrum.
524 1930 647 1965 Lamb.

24 2030 152 2064 Iuliani
173 2041 268 2074 esse,
307 2030 424 2064 statim
447 2031 505 2065 ille
525 2027 642 2076 “nigri
666 2027 835 2064 hominis”
871 2030 922 2064 ait
951 2027 1127 2066 “statuam
1151 2032 1364 2079 conspexi;”
1398 2035 1484 2068 mul-

25 2082 167 2121 tumque
194 2077 322 2110 rubore
350 2077 502 2110 suffusus
527 2088 600 2110 eam
624 2077 739 2110 statim
762 2076 953 2121 confregit,
987 2078 1168 2122 edictoque
1199 2079 1298 2113 iussit
1327 2076 1382 2112 “si
1404 2079 1480 2125 quis

26 2133 169 2166 usquam
207 2122 400 2157 huiusmodi
434 2123 567 2166 figurae
602 2122 804 2166 obsignatus
838 2134 988 2156 nummos
1021 2124 1207 2168 repererit,
1245 2137 1308 2158 nec
1341 2126 1479 2170 publice

28 2167 302 2211 denuntiaverit,
328 2169 356 2202 is
379 2169 583 2214 proscriptis
605 2168 723 2211 bonis,
749 2173 847 2201 extra
871 2168 1003 2214 Cpolim
1025 2170 1214 2204 exsulatum
1237 2166 1431 2204 mittatur.”

163 2213 309 2248 Multum
344 2215 493 2248 Iulianus
529 2214 723 2259 praestigiis
758 2214 894 2247 deditus
930 2222 1024 2256 παις
1062 2216 1151 2249 unde
1186 2216 1288 2249 aiunt-
1313 2216 1480 2249 idolorum

28 2260 160 2292 statuas
194 2258 434 2304 imperatorum
467 2261 583 2306 specie
614 2261 780 2303 effingere
812 2260 967 2303 solitum,
999 2262 1095 2306 ipsas
1120 2263 1218 2294 velut
1240 2261 1480 2305 imperatorum

29 2303 172 2338 adorare
209 2306 375 2349 coegisse.
421 2307 513 2340 inter
547 2306 631 2338 haec
662 2317 745 2339 vero
780 2305 946 2348 Apollinis
974 2312 1120 2341 statuam
1151 2307 1341 2340 inauratam
1371 2307 1479 2340 Nico-

29 2349 178 2389 mediae,
214 2361 302 2394 quae
325 2353 523 2397 metropolis
546 2358 622 2393 est,
657 2363 697 2384 ac
728 2351 882 2384 similiter
902 2351 1032 2386 Dianae
1055 2353 1139 2386 deae
1164 2353 1373 2394 fabricatus,
1410 2352 1481 2386 lata

29 2395 107 2438 lege
134 2396 273 2429 adorari
295 2397 410 2430 sanxit
432 2397 530 2441 quasi
554 2408 648 2431 suam
673 2403 708 2430 et
732 2397 886 2441 coniugis
909 2398 1078 2443 esfigiem3
1113 2409 1201 2443 quae
1224 2409 1327 2431 causa
1350 2397 1419 2431 fuit
1440 2402 1480 2431 ut

28 2439 204 2475 innumera
228 2442 410 2476 multitudo
434 2443 489 2476 vel
513 2444 619 2477 inscia
644 2443 679 2476 in
705 2442 928 2477 idololatriam
950 2444 1138 2478 laberetur.

162 2488 203 2521 In
236 2487 422 2530 paneadis,
457 2500 556 2533 quam
590 2490 798 2522 Caesaream
828 2488 976 2534 Philippi
1008 2495 1153 2532 vocant,
1189 2488 1368 2533 partibus,
1402 2499 1477 2522 cum

28 2530 182 2566 lulianus
214 2533 283 2567 iter
312 2534 474 2576 haberet,
508 2535 776 2568 haemorroissae
801 2538 837 2567 et
859 2533 965 2580 ipsius
988 2536 1066 2569 Iesu
1089 2540 1254 2575 statuam,
1289 2544 1406 2577 quam,
1441 2540 1480 2568 ut

28 2577 156 2620 fertur,
180 2579 236 2612 illa
261 2585 440 2623 posuerat,
464 2581 679 2626 conspicatus
703 2585 768 2613 est.
818 2586 891 2614 erat
914 2593 997 2614 vero
1021 2581 1141 2614 mulier
1164 2579 1359 2612 venerantis
1384 2589 1478 2614 more

28 2621 210 2666 inclinata,
246 2625 481 2670 fimbriamque
514 2634 649 2659 statuae
680 2626 756 2658 Iesu
780 2624 924 2660 dextera
945 2626 1179 2670 contingebat.
1227 2625 1261 2657 in
1285 2623 1395 2658 medio
1416 2635 1478 2659 au-

28 2673 97 2700 tem
128 2668 257 2703 herbae
286 2672 420 2716 species
447 2673 611 2715 quaedam
638 2670 799 2705 curandis
821 2672 1081 2717 quibuscunque
1105 2670 1229 2704 morbis
1251 2675 1333 2717 apta
1355 2681 1476 2706 nasco-

28 2713 152 2754 batur,
182 2720 299 2749 tantae
328 2717 487 2759 virtutis,
521 2724 558 2750 ut
581 2718 738 2760 aiebant,
773 2721 814 2751 ut
834 2717 936 2751 etiam
958 2717 1068 2751 caecis
1094 2717 1137 2750 ab
1163 2723 1261 2750 utero
1283 2717 1393 2751 visum
1413 2716 1474 2750 tri-

28 2757 164 2792 bueret.
210 2771 310 2804 quam
342 2774 412 2796 rem
440 2763 614 2796 Eusebius
643 2762 832 2809 Pamphili,
864 2768 902 2798 et
924 2763 983 2807 qui
1007 2762 1250 2798 haesitantium
1272 2766 1387 2797 sectae
1410 2771 1476 2799 est.

0 2835 1 2871 ÷
85 2809 214 2855 Georg.
248 2811 330 2845 coa.
362 2814 403 2845 ae
434 2813 530 2857 orig.
563 2814 626 2857 cp.
1149 2807 1201 2848 12
