1644 3106
179 742 592 780 EMINENTISSIMO
622 743 694 780 ET
723 742 1178 781 REVERENDISSIMO
1208 741 1430 780 PRINClPl

73 839 744 899 FRANCISCO
826 839 1531 910 BARBERINO,

465 972 508 1014 S.
553 971 605 1013 R.
650 973 698 1013 E.
746 972 1134 1022 CARDINAL1‚

215 1077 409 1114 ooMtNo
431 1079 538 1114 MEO
565 1079 739 1115 SUMMA
763 1079 1110 1114 OBSERVANTIA
1135 1078 1382 1122 coLENDO‚

341 1172 648 1220 PETRUS
694 1171 1151 1220 LAMBECIUS
1202 1171 1250 1218 S.

63 1473 219 1538 Multa
273 1507 384 1550 sunt,
446 1498 784 1541 Eminentissime
834 1499 1048 1555 Princeps,
1104 1510 1208 1552 quae
1260 1498 1422 1538 homini
1474 1498 1528 1539 ad

59 1582 334 1622 immortalem
376 1581 550 1633 gloriam
590 1581 815 1640 adspiranti
857 1583 970 1624 viam
1012 1582 1230 1638 praebent3
1271 1594 1418 1621 verum
1459 1588 1528 1620 aut

58 1677 127 1703 me
172 1677 288 1704 amor
327 1666 517 1722 propriae
559 1666 767 1723 opinionis
802 1667 930 1717 fallit,
981 1672 1051 1704 aut
1083 1665 1168 1704 ulla
1201 1678 1277 1703 nec
1311 1663 1524 1704 honestior

59 1759 134 1786 nec
178 1746 511 1804 compendiosior
554 1756 692 1806 potest
736 1748 906 1806 reperiri
947 1762 1070 1803 quam
1112 1748 1182 1789 vel
1216 1747 1307 1803 ipsa
1343 1744 1520 1786 eruditio

57 1829 126 1867 vel
184 1843 286 1883 quae
346 1829 515 1872 eruditis
573 1831 790 1872 exhibetur
849 1831 1136 1873 benevolentia
1189 1837 1229 1869 et
1279 1827 1522 1879 benignitas.

58 1910 202 1950 harum
247 1913 371 1951 altera
415 1914 723 1969 quibuscunque
766 1915 905 1966 egenis
952 1922 992 1953 et
1034 1914 1217 1955 obscuris
1254 1919 1384 1951 terrae
1422 1909 1520 1950 filiis

56 1990 108 2031 ad
142 2006 348 2034 summam
383 1994 551 2036 laudem
586 1995 721 2038 aditus
755 2004 888 2053 patet,
940 1994 1170 2037 dummodo
1203 2001 1345 2034 natura
1380 1999 1520 2047 aptam

54 2073 105 2114 iis
149 2089 235 2115 non
276 2075 485 2131 denegarit
525 2078 731 2132 indolem,
774 2094 850 2133 nec
895 2078 975 2136 ipsi
1017 2077 1221 2134 profectui
1261 2091 1336 2118 suo
1382 2075 1518 2116 debita

56 2155 287 2210 diligentia,
343 2163 480 2202 famae
535 2170 675 2203 autem
710 2162 907 2215 *legitima
957 2175 1042 2202 non
1094 2159 1229 2201 desint
1278 2158 1516 2200 ambitione.

54 2241 179 2280 altera
213 2242 297 2282 illis
334 2242 532 2286 duntaxat
567 2244 620 2286 ad
654 2243 938 2285 claritudinem
972 2243 1187 2300 pervenire
1215 2242 1332 2293 licet,
1368 2241 1517 2297 quibus

54 2335 147 2362 eam
195 2325 354 2375 generis
397 2328 606 2384 potentiae
650 2334 692 2367 et
732 2328 989 2368 fortunarum
1027 2323 1342 2383 amplitudinem
1379 2321 1516 2373 largiri

54 2403 155 2446 deus
201 2408 352 2460 voluit,
399 2417 445 2450 ut
486 2418 700 2468 protegere
737 2409 840 2451 alios
874 2408 1034 2466 possint
1070 2415 1111 2448 et
1144 2413 1381 2449 sustentare.
1448 2403 1514 2444 illi

51 2500 147 2540 ergo
194 2489 273 2530 hos
321 2492 479 2544 colunt,
529 2501 574 2534 ut
608 2492 849 2533 necessariis
880 2490 934 2532 ad
970 2489 1106 2531 studia
1139 2484 1400 2530 adminiculis
1434 2499 1512 2541 po-

50 2570 219 2611 tiantur:
266 2573 311 2612 hi
360 2581 498 2615 contra
542 2575 642 2616 illos
682 2577 848 2627 fovent,
896 2581 941 2614 ut
972 2571 1250 2614 monumentis
1285 2568 1510 2609 litterarum

52 2653 229 2694 nominis
266 2662 306 2694 et
338 2655 498 2698 virtutis
532 2670 631 2698 suae
667 2656 869 2698 memoria
902 2653 1012 2712 apud
1045 2661 1233 2710 posteros
1265 2652 1511 2701 celebretur3

51 2733 104 2771 ita
143 2736 301 2790 utrique
337 2751 410 2793 per
444 2752 490 2779 se
518 2737 748 2792 indigentes
780 2737 897 2779 alteri
926 2738 1145 2776 alterorum
1175 2733 1312 2787 vigent
1342 2734 1509 2776 auxilio.
