1754 2990
482 110 557 151 AD
592 109 852 153 GODINUM
885 110 1088 154 NOTAE.
1414 112 1514 157 213

3 254 10 282 3
167 241 210 278 Ρ
238 229 266 268 6
292 241 332 266 v.
359 229 399 269 8.
458 224 670 279 ἱστάμενον
695 225 809 276 ἐντὸς
834 231 910 270 τοῦ
936 229 1111 283 τείχους]
1140 230 1266 269 scribe
1294 235 1378 280 τοῖς
1400 230 1512 281 ἕντὸς

0 299 17 330 h
56 282 284 336 ἱσταμένοις
306 285 382 331 τοῦ
404 284 577 336 τείχους,
605 290 651 321 ut
678 285 896 323 referantur
923 284 1023 324 haec
1044 287 1164 325 verba
1188 301 1271 326 non
1294 287 1347 326 ad
1370 290 1511 327 tanim

54 341 237 378 Herculis
282 338 356 379 sed
400 338 453 377 ad
498 340 607 378 urbis
653 340 816 380 incolas.
880 343 1113 380 confirmant
1154 341 1258 381 hanc
1298 345 1509 383 lectionem

51 395 277 448 Hesychius
322 402 363 434 et
405 396 677 447 fragmentum
722 394 975 435 historicum
998 398 1048 436 de
1091 400 1263 439 turribus
1305 402 1508 440 vocalibus

50 451 254 504 Byzantii,
283 450 392 505 quod
420 465 472 490 ex
501 454 664 520 antiquo
692 452 827 491 codice
854 454 1119 493 bibliothecae
1146 457 1294 508 Regiae
1321 457 1507 509 deprom-

48 515 181 576 ptum
198 506 280 547 huc
312 510 494 561 apposui.
552 524 613 550 οτι
640 505 768 557 Βιῖζας
793 508 819 550 o‘
844 508 890 551 τό
918 508 1138 559 Βυζάντιον
1164 515 1301 561 κτίσας
1325 529 1403 567 την
1428 512 1508 555 πό·-

3 593 6 598 ‹
47 567 114 604 λιν
152 558 364 618 ἆνῆγειρεν
402 566 542 633 τείχεσι
578 561 763 630 μεγάλοις
797 581 866 606 και
900 564 1071 631 πύργοις
1095 569 1365 638 περικαλλέσιν
1394 568 1504 611 ἑπτά.

1 657 6 662 .
47 618 165 668 ξένον
193 620 238 662 δέ
265 636 355 662 τινα
381 619 450 661 καὶ
478 617 804 672 οἷξιοθαῦμαστον
831 622 875 662 οἱ
898 620 1042 676 πύργοι
1073 639 1184 665 ουτοι
1206 623 1280 677 τήν
1295 625 1506 694 ἐνέργειαν

48 672 170 728 εἶχον.
227 676 358 718 εἴποτε
392 673 469 729 γάρ
498 690 599 728 φησι
627 673 794 730 σάλπιγξ
820 674 848 730 ἦ
876 677 998 731 φωνή
1026 695 1083 727 τις
1110 679 1242 733 ἑτέρα,
1279 677 1503 734 ανθρώπου

46 729 168 784 τυχόν
193 729 224 785 ἢ
252 730 375 774 ἄλλου
401 730 506 781 §nico
532 729 563 784 ἧ
588 732 656 773 καὶ
679 734 803 774 λίθου
828 735 977 786 βολῆς,
1007 733 1098 783 ἓνός
1120 751 1202 777 των
1227 735 1324 778 ἕπτᾶ
1347 753 1503 779 τουτων

45 786 211 859 πύργων
249 787 473 859 ἐπεγένετο,
517 785 645 837 ειῖθυς
681 789 739 838 εἷς
772 805 844 830 τον
878 787 966 843 μετ’
993 788 1115 832 αὐτὸν
1142 790 1166 833 ὅ
1188 787 1286 845 ἦχος
1314 793 1500 846 διέβαινε,

44 843 115 884 xm
150 846 328 915 καθεξῆς
364 842 432 885 διαὶ
470 848 551 885 τῶν
586 841 718 886 ἄλλων
747 845 867 911 μέχρι
900 850 975 888 τοῦ
1009 845 1176 899 ἐσχάτου
1213 849 1501 902 παρεπέμπετο,

42 898 245 969 καθαρός
253 897 339 949 οἷος
362 900 404 950 ἐξ
430 897 555 954 α’ρχῆς
576 898 839 954 ἒξεφωνήθη,
872 903 947 942 εἴτε
970 901 1167 955 εναρθρος
1188 905 1264 945 εἴτε
1286 905 1354 946 καὶ
1373 922 1501 959 αναρ-

0 998 6 1011 ,7
42 961 160 1009 θρος.
217 953 316 997 ἄλλα
357 956 427 998 καὶ
467 957 492 998 o‘
534 954 592 1005 εἷς
627 961 709 998 τῶν
744 956 841 999 ἓπτιὶ
869 955 1021 999 τούτων
1048 957 1236 1013 πύργων,
1281 960 1307 1001 o‘
1332 977 1400 1002 και
1426 965 1501 1003 τοῦ

0 1067 3 1071 V
41 1011 251 1066 Ἡρακλέος
274 1009 539 1066 καλούμενος,
574 1029 623 1053 τα
650 1017 732 1054 τοῖν
758 1016 959 1066 πολεμίων
987 1015 1138 1064 ἔξωθεν
1166 1015 1386 1070 μυστήρια,
1417 1034 1499 1058 των

45 1069 103 1117 εἰς
139 1069 372 1121 πολιορκίαν
406 1067 522 1120 τυχὸν
556 1072 629 1136 τῆς
663 1063 818 1118 πόλεως
851 1070 1175 1122 καθισταμένων,
1217 1072 1337 1124 ἔνηχα
1372 1073 1499 1114 ἐποίει

0 1128 5 1137 ‘
43 1129 127 1173 τοῖς
162 1124 275 1173 ἐντός
309 1124 379 1166 καὶ
417 1119 605 1166 α’κουστᾶ.
661 1126 797 1177 ἵδρυτο
827 1125 869 1166 δὲ
898 1127 919 1168 ὁ
944 1143 1096 1180 πυργος
1123 1124 1242 1176 ουτος
1268 1129 1312 1169 ἐν
1339 1132 1398 1183 τῷ
1424 1132 1497 1181 τῆς

42 1178 297 1234 ἀκροπόλεως
322 1177 456 1236 λόφῳ,
496 1197 541 1228 ος
567 1183 645 1221 νῦν
674 1180 884 1234 Κυνήγιον
913 1179 1155 1234 ὀνομάζεται.
1215 1191 1414 1222 caeterum
1443 1200 1495 1223 ex

3 1278 5 1280 ,
39 1236 117 1275 hoc
153 1239 374 1290 fragmento
403 1245 442 1275 et
470 1238 745 1289 antiquissimo
775 1236 908 1275 codice
935 1239 1115 1276 Palatino
1141 1239 1363 1291 Hesychius
1394 1254 1495 1292 quo-

3 1290 8 1295 ’
41 1308 118 1346 que
160 1293 414 1346 corrigendus
450 1300 531 1342 est,
571 1292 678 1344 apud
706 1306 826 1346 quem
853 1307 1061 1345 perperam
1087 1295 1232 1346 legitur
1258 1292 1438 1350 σάλπιγξι
1465 1294 1496 1348 ἦ

40 1353 162 1406 φωνῇ
187 1366 247 1398 τις
274 1349 386 1405 ἑτέρα
412 1363 484 1401 pro
513 1346 680 1403 σαλπιγξ
706 1347 737 1400 ἢ
764 1346 886 1400 φωνή
913 1365 974 1397 τις
998 1349 1118 1401 ἑτέρα.
1173 1352 1311 1391 Lim.

0 1407 2 1409 ’
149 1420 190 1458 Ρ.
219 1408 247 1448 6
272 1391 619 1457 v-1‘3.Mv1v07]
650 1404 699 1443 de
726 1404 804 1444 hoc
831 1406 951 1443 Mena
977 1407 1081 1444 infra
1109 1405 1301 1445 dicemus.
1331 1408 1491 1446 nimus.

38 1475 177 1500 sensns
214 1468 297 1512 est,
337 1463 534 1514 templum
568 1463 741 1513 Neptuni
775 1462 819 1498 in
857 1460 998 1499 eadem
1033 1462 1141 1500 urbis
1178 1464 1340 1514 regione
1367 1464 1492 1502 fnisse

38 1519 107 1556 ubi
143 1526 283 1571 postea
318 1519 363 1557 S.
394 1520 537 1556 Menae
569 1518 736 1569 martyri
764 1515 881 1556 aedes
910 1517 1039 1555 dicata
1069 1525 1140 1558 est.
1198 1531 1319 1571 quare
1346 1519 1490 1558 frustra

38 1576 228 1613 obiiciunt
268 1573 433 1630 quidam
474 1572 673 1612 oudinum
712 1572 843 1611 dicere
885 1573 993 1625 quod
1033 1574 1227 1625 templum
1268 1575 1310 1616 S.
1349 1576 1490 1614 Menae

38 1638 153 1669 antea
179 1632 285 1670 Iovis
309 1632 450 1669 fanum
477 1631 610 1668 suerit.
666 1643 759 1667 nam
786 1631 879 1667 licet
907 1628 984 1667 hoc
1011 1643 1150 1666 verum
1178 1631 1247 1677 sit,
1285 1643 1366 1668 non
1393 1645 1490 1683 pro-

35 1694 172 1739 pterea
208 1689 386 1739 sequitur
418 1688 587 1724 alterum
615 1687 761 1723 falsum
789 1698 897 1733 esse,
938 1697 1030 1722 cum
1057 1684 1166 1722 idem
1192 1687 1391 1736 templum
1418 1701 1489 1725 eo-

37 1742 131 1780 dem
159 1750 338 1794 tempore
367 1748 407 1779 et
432 1743 537 1780 Iovis
565 1742 706 1778 fanum
735 1753 820 1778 esse
847 1742 1040 1791 potuerit,
1074 1747 1114 1778 et
1140 1742 1184 1778 in
1213 1741 1354 1779 eadem
1380 1744 1488 1782 urbis

36 1800 199 1851 regione
243 1804 488 1838 exstructum
534 1810 620 1836 esse
656 1798 699 1835 in
739 1809 816 1849 qua
854 1797 1027 1848 Neptuni
1062 1798 1199 1836 fanum
1234 1799 1355 1837 situm
1390 1807 1484 1841 erat.

34 1857 186 1964 lamb.
212 1914 239 1953 6
265 1925 304 1951 v.
333 1914 397 1954 17.
455 1912 721 1966 Στρατηγίου]
751 1912 918 1950 Severus
943 1918 1082 1964 postea
1105 1913 1348 1952 restauravit.
1392 1911 1484 1952 vide

33 1968 203 2007 Suidam
229 1969 272 2006 in
299 1970 492 2021 Σεβῆρος.
549 1970 711 2008 Menas.

145 2040 186 2077 p.
211 2026 239 2065 6
265 2038 303 2064 v,
330 2027 398 2066 20.
455 2026 629 2075 Συκαΐς]
668 2025 861 2076 palatium
896 2031 990 2064 erat.
1054 2025 1187 2063 Victor
1220 2025 1482 2063 Cumunensis

33 2081 76 2118 in
114 2080 330 2120 Chronico:
388 2080 623 2118 Theodosius
666 2080 780 2131 Cpolc'
820 2081 953 2131 Sagae
987 2081 1188 2133 relegatus
1227 2089 1348 2118 totum
1384 2095 1483 2131 pene

29 2136 231 2186 palatium
267 2145 304 2174 et
338 2139 555 2175 maximam
580 2138 712 2186 regiae
739 2136 849 2173 urbis
867 2144 1020 2186 partem
1046 2152 1121 2175 sua
1141 2138 1315 2188 perfidia
1342 2151 1482 2174 macu-

34 2192 146 2234 lavit
205 2201 243 2232 et
282 2196 323 2231 in
362 2195 583 2246 propinquo
619 2200 767 2245 portus.
826 2193 954 2230 Str-ab.
977 2195 1007 2234 l.
1034 2196 1082 2233 7·
1127 2193 1192 2234 ἐπὶ
1227 2190 1297 2234 τόν
1333 2192 1397 2233 ἐπὶ
1412 2195 1482 2257 τῇ

35 2251 139 2304 συκῇ
171 2247 417 2302 καλουμενον
451 2249 602 2301 λιμένα.
657 2251 831 2287 Zonaras
859 2250 901 2286 in
929 2251 1116 2288 Leontio:
1161 2246 1243 2300 ἅμα
1271 2250 1326 2312 τῷ
1355 2244 1480 2288 στόλω

31 2303 266 2358 καταλαβων
310 2322 354 2346 το
402 2302 619 2354 Βυζάντιον
662 2305 704 2345 ἐν
747 2308 886 2352 συκαῖς
926 2303 973 2345 ‘m'
1017 2303 1149 2355 σκάφη
1191 2316 1478 2356 προσωρμισεν.

31 2363 182 2399 mentio
211 2363 330 2399 etiam
355 2361 474 2400 huius
499 2363 575 2400 loci
603 2369 661 2399 est
683 2361 835 2402 Novell.
853 2362 905 2402 59
930 2369 970 2399 et
990 2361 1094 2414 apud
1115 2363 1334 2412 Euagrium
1354 2362 1380 2401 3
1409 2360 1477 2409 33,

31 2418 128 2455 item
155 2416 182 2457 4
220 2419 287 2458 36.
343 2417 435 2456 vide
462 2425 643 2457 nostrum
671 2418 915 2455 Glossarium
941 2419 983 2455 in
1013 2415 1148 2458 σκάλα.
1206 2419 1365 2455 Mersus.

142 2487 184 2524 p-
212 2476 238 2514 7
268 2487 306 2514 v.
335 2474 374 2514 5.
432 2482 521 2525 post
565 2487 703 2511 vocem
745 2471 1076 2525 προθυμούμενος
1117 2469 1478 2524 interpungendum

33 2535 115 2566 est.
149 2529 353 2582 hucusque
383 2531 490 2567 enim
518 2543 647 2568 sermo
676 2530 751 2566 fuit
780 2528 830 2566 de
856 2531 1019 2571 Haemo.
1075 2537 1226 2567 caetera
1254 2541 1347 2566 vero
1375 2539 1477 2580 quae

33 2593 270 2636 sequuntur,
314 2585 365 2623 ad
400 2587 616 2637 Byzantem
654 2587 849 2636 pertinere
884 2594 1003 2639 atque
1040 2587 1092 2622 ita
1131 2582 1352 2636 supplenda
1390 2596 1475 2622 esse

34 2653 195 2679 censeo:
224 2658 296 2694 ουχ
314 2641 533 2694 υπομείνας
552 2639 638 2682 δὲ’
614 2658 636 2682 ο
657 2638 787 2689 Βύζας
804 2657 877 2694 την
897 2642 1044 2691 ἔφοδον
1062 2644 1131 2681 τοῦ
1153 2638 1379 2693 βαρβάρου,
1401 2646 1474 2681 etc.

33 2695 172 2733 eodem
212 2698 330 2737 modo
369 2697 621 2750 corrigendus
665 2704 723 2734 est
763 2697 1006 2750 Hesychius,
1054 2696 1160 2748 apud
1197 2709 1315 2749 quem
1349 2708 1474 2748 aeque

31 2753 195 2790 mutilus
221 2752 287 2792 hic
310 2755 421 2795 locus
449 2756 604 2805 legitur.
662 2755 795 2793 Luta.
