1754 2990
438 123 514 165 AD
549 122 809 166 CODINUM
841 123 1043 165 NOTAE.
1364 123 1462 167 233

17 241 160 279 nianae
202 241 391 280 obtulisse
430 248 617 296 quattuor
654 243 816 293 angelos
854 248 1061 294 argenteos
1100 254 1234 280 cruces
1270 247 1464 283 tenentes.

17 299 154 335 Lam.

130 367 170 404 p.
198 353 254 394 28
278 365 317 391 v.
343 353 413 394 16.
481 351 508 394 ὁ
549 348 848 405 Ἰουστινιανός]
898 353 1044 392 Suidas
1090 354 1135 391 in
1176 351 1463 404 Ἰουστινιανός.

19 408 244 447 acciderunt
278 415 414 447 autem
448 407 549 447 haeo
584 422 688 448 anno
722 410 776 450 16
808 411 968 462 imperii
1001 411 1107 459 eius,
1144 415 1245 448 teste
1273 410 1464 452 cedreno.

17 467 179 505 Manus.

127 535 170 573 p.
194 520 252 560 29
276 533 316 560 v.
339 520 382 560 6.
438 527 569 558 errant
608 521 678 573 qui
713 534 785 573 pro
823 517 1014 570 ἆπιόσεως
1051 521 1267 574 legendum
1304 532 1467 563 censent

17 574 255 624 a‘uzm'eemg:
291 577 536 627 impossibile
571 578 678 614 enim
706 584 765 615 est
790 590 912 616 unam
940 584 982 616 et
1008 579 1175 618 eandem
1202 593 1367 618 manum
1393 594 1468 619 ex-

17 634 207 685 plicatam
232 634 354 671 simul
382 639 422 669 et
446 633 722 684 complicatam
745 635 883 672 fuisse.
937 648 1076 674 sensus
1099 638 1221 687 igitur
1243 636 1361 675 huius
1388 638 1468 676 loci

20 696 100 738 est,
141 690 351 727 Iustiniani
383 695 555 726 statuam
590 690 647 726 ita
682 690 891 741 figuratam
925 691 1048 729 fuisse
1085 700 1130 730 ut
1167 692 1308 731 dextra
1344 707 1468 732 manu

19 746 219 783 Orientem
244 757 381 783 versus
409 752 570 783 extenta
595 747 736 784 Persas
761 745 960 784 videretur
987 741 1268 798 ἀπωθεῖσθαι,
1302 748 1379 788 hoe
1409 756 1469 788 est

18 802 212 854 repellere
242 809 284 840 et
311 803 356 838 in
381 803 603 852 provincias
628 803 827 841 Romanas
852 802 1084 842 invadentes
1116 818 1140 842 a
1166 819 1377 856 progressu
1403 820 1469 844 ar-

20 872 124 896 cere.
177 859 252 896 tali
284 851 438 897 ἆπαίσει
465 855 590 912 χειρός
618 860 738 897 etiam
763 873 837 898 nos
863 858 1064 912 hodieque
1090 863 1259 910 utimur,
1293 863 1363 899 ubi
1388 864 1470 899 im-

18 921 187 966 portune
219 915 512 966 supervenienti
544 916 705 966 signum
740 929 916 954 recessus
954 915 1107 956 damus.
1165 925 1363 955 caeterum
1395 932 1468 970 pro

18 973 91 1022 τῆς
126 967 273 1024 χειρός,
313 969 422 1022 quod
454 984 508 1008 ex
535 970 622 1009 cod.
648 973 735 1011 Vat.
765 973 937 1020 restitui,
978 986 1185 1024 perperam
1213 981 1329 1011 antea
1355 976 1469 1025 lege-

16 1027 134 1064 batur
169 1030 251 1066 τῶν
285 1040 439 1079 χειρων.
493 1026 636 1064 itidem
673 1028 926 1080 corrigendus
967 1035 1027 1067 est
1060 1029 1201 1067 Suidas
1237 1043 1276 1068 v.
1307 1027 1469 1071 Ἰουστι-

18 1077 172 1130 νιανός.
223 1084 358 1120 Lm.

131 1151 173 1190 p-
202 1140 256 1180 29
284 1151 324 1179 v.
352 1138 393 1178 9·
448 1138 538 1192 περὶ
566 1137 610 1180 τὰ
639 1135 799 1192 βόρειον
826 1139 946 1194 μέρος
973 1143 1047 1181 τοῦ
1074 1138 1228 1195 φόρου]
1260 1141 1404 1180 Suidas
1429 1144 1470 1179 in

21 1191 417 1248 61w963.M13uas0

130 1264 171 1301 p-
197 1252 252 1291 30
278 1264 319 1288 v.
345 1252 386 1290 1.
442 1249 595 1302 θέαμα]
625 1263 764 1289 sensus
791 1258 850 1288 est
876 1252 1000 1289 fuisse
1029 1252 1224 1304 quosdam
1250 1255 1320 1306 qui
1343 1256 1473 1292 Xero-

9 1305 190 1358 'lophum
214 1307 318 1344 inter
343 1308 567 1358 spectacula
591 1307 759 1358 Cpoleos
782 1315 1055 1357 numerarent,
1084 1322 1154 1347 seu
1178 1323 1240 1348 res
1264 1323 1358 1361 prae
1383 1323 1473 1347 cae-

19 1364 116 1400 teris
150 1363 195 1399 in
233 1375 280 1400 ea
318 1370 496 1414 spectatu
532 1362 686 1414 dignas.
741 1362 882 1401 itidem
918 1365 1172 1416 corrigendus
1206 1373 1246 1404 et
1277 1367 1472 1418 interpre-

19 1417 166 1456 tandus
194 1426 254 1456 est
280 1419 425 1457 Suidas
451 1422 495 1456 in
522 1432 561 1458 v.
592 1416 838 1472 Ξηρόλοφος.
892 1422 1029 1458 Lim.

130 1487 172 1525 p.
199 1476 255 1517 30
282 1488 317 1512 v.
345 1478 383 1516 6.
442 1472 697 1527 Ξηρόλοφος]
726 1475 1015 1513 restituendum
1042 1483 1102 1514 est
1128 1490 1201 1527 per
1225 1478 1473 1515 occasionem

18 1529 236 1582 Xerolophi
272 1544 421 1570 nomen
456 1531 563 1583 apud
599 1533 821 1569 Diaconum
846 1532 890 1568 in
915 1533 1068 1569 Leone:
1113 1532 1255 1569 cecidit
1276 1540 1312 1568 et
1335 1533 1475 1570 titulus

19 1586 207 1634 Arcadii,
247 1589 318 1638 qui
351 1602 475 1638 supra
515 1587 734 1638 Xerolophi
765 1587 990 1624 columnam
1018 1587 1161 1624 stabat.
1219 1587 1339 1626 hodie
1368 1591 1473 1627 male

18 1642 150 1681 editur
177 1643 400 1695 Xerophili.
456 1644 615 1683 Mruns.

130 1711 175 1750 Ρ.
199 1700 256 1740 30
283 1713 322 1736 v.
350 1701 389 1739 9.
446 1700 689 1739 πὲπτωκὲναι
723 1698 795 1744 τοὶς
827 1695 994 1749 στήλας]
1034 1698 1176 1735 accidit
1212 1698 1255 1735 id
1290 1700 1341 1741 14
1370 1714 1473 1739 anno

18 1755 180 1806 imperii
206 1756 436 1802 Iustiniani,
476 1761 577 1792 teste
606 1754 806 1801 Cedreno3
851 1756 919 1806 qui
946 1761 1082 1790 tamen
1109 1754 1291 1792 dextram
1319 1763 1474 1794 tantum

22 1817 175 1850 statuae
205 1809 412 1848 cuiusdam
438 1811 495 1847 ibi
522 1812 673 1862 positae
702 1811 891 1848 corruisse
921 1817 1055 1847 auctor
1083 1818 1155 1848 est.
1211 1812 1370 1849 Menas.

134 1879 173 1917 p.
200 1867 255 1906 30
283 1879 321 1906 v.
347 1868 413 1907 11.
471 1866 512 1905 οἱ
539 1863 612 1906 δύο
642 1866 824 1918 σταυροί]
863 1865 1041 1903 Suidas
1029 1880 1072 1903 ιιι
1097 1864 1237 1919 φόρος.
1295 1867 1366 1905 sed
1391 1870 1475 1905 illic

25 1923 176 1973 corrige
222 1919 407 1974 υπῆρχον
453 1918 529 1961 δυο
578 1923 750 1972 σταυροί.
806 1921 927 1959 hodie
975 1921 1184 1974 depravate
1229 1921 1359 1962 editur
1401 1922 1474 1965 δύο

25 1978 241 2030 στρατηγοί.
297 1978 551 2016 manifestum
579 1977 785 2018 mendum.
839 1979 999 2016 Menas.

135 2047 175 2085 p.
205 2033 260 2074 30
286 2047 324 2073 v.
357 2032 422 2074 14.
479 2034 536 2082 εἰς
562 2031 630 2074 τόν
660 2031 775 2087 α’γιον
803 2032 1032 2086 Μάμαντα]
1062 2033 1204 2074 Suidas
1234 2036 1275 2071 in
1305 2033 1475 2087 Μᾰμας.

23 2092 184 2128 Menas.

135 2160 175 2198 p.
204 2147 260 2186 30
286 2159 323 2184 v.
351 2147 419 2186 20.
478 2143 524 2193 ὃς
551 2139 605 2197 ἦν
634 2142 799 2194 εἷς’ταῖν
827 2141 907 2185 ἅπό
938 2147 1221 2197 Νουμεριανοῦ
1249 2146 1474 2196 Καίσαρος]

26 2203 61 2239 si
90 2203 261 2252 genuina
292 2209 350 2240 est
378 2200 476 2239 haec
504 2202 641 2250 lectio,
689 2202 923 2239 vertendum
949 2200 1122 2239 videtur:
1166 2203 1236 2251 qui
1255 2201 1346 2251 fuit
1372 2215 1476 2252 par-

27 2259 129 2294 tium.
165 2258 407 2295 Numeriani
446 2258 637 2295 Caesaris.
697 2259 740 2294 in
769 2256 851 2294 cod.
880 2259 967 2296 Vat.
993 2259 1140 2309 legitur
1167 2255 1214 2304 ὸς
1239 2253 1292 2307 ἦν
1322 2257 1379 2304 εἰς
1405 2273 1476 2298 τον

27 2310 106 2353 ἆπὸ
131 2315 411 2366 Νουμεριανοῦ
436 2315 656 2366 Καίσαρος,
697 2315 739 2350 in
766 2314 1023 2351 Collectaneis
1051 2314 1235 2364 anonymi
1261 2311 1303 2360 ὃς
1328 2314 1383 2359 εἰς
1406 2311 1476 2353 τόν

28 2366 106 2409 ἐπὸ
138 2371 368 2421 Νουμερίου
397 2371 598 2421 Καίσαρος
624 2369 799 2421 ὑπῆρχε,
830 2369 935 2420 apud
961 2369 1127 2408 suidam
1156 2367 1202 2416 ὃς
1229 2364 1282 2420 ἦν
1310 2372 1475 2420 Νουμε-

27 2427 170 2478 ριανοῦ
211 2427 426 2476 Καίσαρος.
482 2426 587 2463 unde
628 2425 789 2478 quidam
823 2427 987 2477 probare
1024 2431 1212 2463 conantur
1240 2426 1475 2462 Basiliscum

28 2482 258 2518 Numeriani
282 2482 459 2519 Caesaris
488 2482 614 2519 filium
642 2484 787 2529 fuisse3
822 2481 893 2520 sed
920 2483 1082 2534 aequius
1113 2488 1170 2518 est
1198 2480 1354 2518 credere
1382 2482 1475 2518 Sui-

31 2535 105 2574 dae
138 2536 244 2574 hunc
277 2539 411 2575 locum
446 2551 533 2575 esse
569 2537 834 2585 decurtatum,
869 2551 989 2591 quam
1019 2537 1181 2574 dubioso
1212 2545 1328 2588 atque
1357 2539 1474 2576 unico

33 2593 118 2630 eius
152 2594 378 2632 testimonio
413 2595 648 2632 Basiliscum
676 2595 914 2633 Numeriano
943 2595 1097 2632 Caesari
1124 2594 1249 2630 filium
1275 2594 1473 2644 affingere.

32 2649 165 2685 Ianus.
321 2663 324 2665 “

142 2717 180 2754 p·
205 2705 258 2744 31
285 2718 323 2744 v.
345 2708 387 2745 7.
443 2708 516 2746 τοῦ
545 2703 659 2758 ἁγίου
687 2701 1050 2758 μεγαλομᾶρτυρος]
1079 2702 1222 2742 Suidas
1246 2705 1288 2742 in
1315 2701 1473 2759 Προκό-

31 2773 134 2806 πιος.
190 2761 349 2799 Mzuns.
