1754 2990
429 119 505 160 AD
541 115 801 160 CODINUM
834 117 1038 160 NOTAE.
1362 119 1459 167 221

0 241 170 288 :Graecis
199 239 360 292 ἔμβολοι
384 236 569 276 dicuntur
588 238 767 287 porticus
791 237 876 275 sive
903 244 1004 276 tecta
1029 237 1282 287 ambulacra,
1309 252 1389 293 quo
1415 255 1459 280 se

0 299 180 351 {populus
218 295 271 335 ad
307 295 447 334 coloris
483 292 737 332 incommoda
773 300 813 331 et
843 294 990 333 imbres
1016 297 1242 347 repentinos
1270 296 1461 338 arcendos

8 354 263 406 recipiebant.
329 353 386 390 ita
432 363 550 401 saepe
595 348 702 401 apud
748 351 957 401 scriptores
998 349 1187 391 historiae
1228 353 1462 405 Gpolitanae

8 412 160 449 mentio
191 409 238 446 fit
267 410 341 449 τοῦ
367 408 562 459 δημοσίου
590 403 777 458 ἐμβόλου,
805 409 884 447 τοῖν
913 405 987 448 δύο
1015 407 1215 478 ἐμβόλων.
1224 413 1299 450 τοῦ
1322 406 1463 462 φόρου,

9 470 84 507 τοῦ
121 461 294 518 ἐμβόλου
328 466 411 504 τῶν
447 462 787 515 χαλκοπρατείων,
826 465 907 503 ταῖν
935 460 1115 516 ἐμβόλων
1142 468 1215 506 τοῦ
1242 462 1463 519 Εὔβουλον

8 522 79 563 zat
115 521 332 573 Αομνίνου.
390 518 442 556 ad
476 517 579 556 hanc
615 518 944 570 significationem
978 523 1087 560 vocis
1114 520 1281 574 ἕμβολος
1307 522 1464 562 videtur

9 578 231 630 respexisse
258 576 526 628 Etymologici
552 576 687 626 magni
710 581 864 624 auctor,
899 576 968 628 qui
991 579 1187 630 originem
1206 580 1291 617 eius
1312 578 1465 618 derivat

9 651 118 688 παρα
155 632 200 674 τό
234 649 306 673 τον
341 630 439 672 λαόν
476 631 690 683 ἐμβαίνειν.
746 631 853 683 apud
878 633 1041 671 Latinos
1070 648 1228 688 quoque
1254 634 1355 674 haec
1382 649 1465 674 vox

9 693 54 730 in
95 690 236 728 eadem
273 689 558 740 significatione
596 689 784 736 occurrit,
831 695 877 726 ut
909 695 1077 728 testatur
1111 691 1286 730 Isidorus
1323 693 1376 733 15
1417 694 1464 732 2·

11 747 174 792 imbuli,
211 745 277 783 vel
311 747 407 796 quia
444 744 517 782 sub
543 745 741 782 volumine
767 752 877 790 sunt,
916 746 983 782 vel
1007 749 1103 797 quia
1129 747 1203 784 sub
1228 747 1292 785 his
1319 747 1465 785 ambu-

12 805 115 841 lant.-
144 810 238 840 sunt
264 803 367 838 enim
389 802 565 851 porticus
587 801 682 838 hine
698 801 790 838 inde
804 801 1044 851 platearum.
1099 802 1208 841 idem
1227 805 1270 840 in
1290 805 1462 842 Glossis:

10 859 205 904 imbutus,
232 858 283 895 ab
312 857 573 903 ambulando,
601 857 922 897 ambulatorium.
980 858 1052 897 sed
1078 873 1160 898 non
1189 859 1359 898 advertit
1386 862 1467 898 La-

11 918 142 954 tinum
168 915 409 953 vocabulum
434 913 610 951 imbulus
636 927 659 951 a
687 915 836 952 Graeco
862 913 1028 967 ἕμβολος
1052 917 1247 967 originem
1275 924 1315 954 et
1339 917 1467 968 signi-

10 973 236 1010 ficationem
264 972 473 1022 accepisse
530 972 664 1008 Lm.

122 1042 163 1079 Ρ.
193 1027 244 1067 15
273 1040 312 1064 v-
341 1027 381 1067 3.
437 1022 644 1080 ἀνήγειρε,
672 1026 764 1079 καὶ]
799 1025 866 1064 hic
903 1027 1015 1065 locus
1053 1040 1106 1064 ex
1139 1026 1339 1066 codicibus
1367 1029 1468 1066 scri-

0 1086 90 1138 vpt-Is
129 1091 168 1121 et
204 1081 403 1148 Hesychio
430 1084 486 1119 ita
514 1083 760 1134 supplendus
785 1090 844 1121 est
873 1089 911 1120 et
939 1083 1230 1122 emendandus:
1271 1080 1467 1136 α’νήγειρε,

12 1137 149 1182 δίκαιά
173 1154 213 1179 τε
239 1134 370 1179 πάντα
397 1136 495 1190 πρὸς
523 1141 640 1189 ζῆλον
667 1156 740 1191 της
765 1138 1029 1192 πρεσβυτέρας
1051 1138 1199 1192 Ῥώμης
1224 1137 1466 1208 ἐδωρήσατο,

13 1194 125 1239 καθεὶ
165 1195 232 1235 καὶ
269 1195 312 1235 ἐν
348 1198 402 1247 τῷ
438 1195 667 1248 Στρατηγίῳ
708 1195 902 1248 λεγομένῳ
942 1194 1057 1248 φόρῳ
1238 1193 1466 1248 ἐνέγραψεν

11 1253 77 1295 ἐπὶ
116 1252 277 1302 λιθίνης
315 1249 479 1302 στήλης,
527 1250 671 1290 ἑαυτοῦ
707 1266 748 1291 τε
783 1250 851 1290 καὶ
882 1252 954 1301 τῆς
983 1249 1110 1291 αὐτοῦ
1137 1250 1284 1305 μητρός
1310 1251 1468 1304 Ἑλένης

7 1309 78 1351 ’ἐπὶ
106 1309 241 1355 κίονος
267 1303 484 1358 ἆνέστησεν
511 1302 728 1358 ἀγάλματα.
783 1308 918 1345 Linus.

122 1379 162 1416 p·
192 1366 245 1404 15
272 1376 312 1400 v.
340 1361 381 1404 4-
436 1365 491 1417 τῷ
531 1364 759 1417 Στρατηγίῳ
798 1360 995 1416 λεγομένω
1037 1358 1174 1416 φόρῳ]
1217 1361 1293 1401 hoc
1333 1364 1466 1402 forum

11 1421 172 1474 purgari
197 1420 367 1465 solebat,
398 1418 485 1456 sed
492 1432 589 1456 mox
614 1418 753 1467 desiit,
783 1418 910 1457 donec
937 1431 1089 1455 morem
1118 1420 1323 1471 antiquum
1352 1433 1468 1459 revo-

14 1484 121 1516 caret
154 1475 328 1514 michael
363 1477 631 1524 Stratioticus,
675 1482 776 1514 teste
809 1474 1000 1513 cedreno.
1058 1476 1232 1513 Zonaras
1265 1477 1410 1518 Annal.
1439 1477 1467 1516 3

13 1547 93 1572 non
130 1534 171 1570 in
206 1533 402 1582 strategio
438 1533 626 1580 collocat,
669 1531 741 1570 sed
774 1533 816 1568 in
849 1532 1024 1568 Placoto.
1052 1531 1212 1572 Manus.
1272 1545 1372 1584 quae
1399 1530 1466 1569 hic

14 1596 223 1628 narrantur
269 1588 320 1626 de
365 1589 550 1626 columna
591 1587 780 1639 Strategii
824 1593 863 1624 et
901 1588 986 1624 eius
1024 1587 1300 1637 inscriptione,
1348 1589 1465 1626 unice

13 1647 184 1684 illustrat
237 1645 418 1684 Socrates
474 1646 575 1684 Hist.
623 1645 732 1682 Eccl.
781 1645 804 1683 1
857 1642 929 1690 14,
995 1642 1063 1678 ubi
1110 1642 1160 1679 de
1209 1644 1466 1682 constantino

13 1711 159 1754 magno
199 1708 238 1738 et
274 1702 486 1751 Byzantio
505 1713 647 1749 agens,
697 1698 942 1763 χρηματίζειν
982 1696 1044 1745 δέ,
1086 1699 1236 1749 inquit,
1281 1700 1465 1751 δευτέραν

11 1756 163 1810 Ῥώμην
202 1756 312 1810 νόμῳ
349 1753 567 1808 ἐκύρωσεν·
608 1753 653 1802 ὃς
691 1751 810 1806 νόμος
848 1752 889 1793 ἓν
925 1753 1063 1807 λιθίνῃ
1091 1753 1302 1806 γέγραπται
1329 1754 1467 1809 στήλῃ,

13 1814 83 1855 καὶ
129 1813 300 1867 δημοσία
346 1811 389 1851 ἐν
434 1814 491 1866 τῷ
532 1809 762 1864 καλουμένῳ
803 1810 1018 1864 στρατηγίῳ
1055 1811 1223 1862 πλησίον
1262 1814 1334 1851 τοῦ
1371 1811 1465 1852 ἔαυ-

14 1873 89 1912 τοῦ
127 1869 305 1919 ἐφίππου
345 1853 582 1920 παρέθηκεν.
639 1868 831 1917 interpres
864 1867 999 1902 vertit:
1047 1866 1131 1917 lege
1168 1867 1334 1918 denique
1371 1882 1466 1905 san-

16 1928 111 1964 citit
148 1933 192 1962 nt
225 1924 398 1962 secunda
434 1924 567 1960 Roma
603 1930 824 1972 vocaretur,
856 1928 928 1959 etc.
985 1920 1056 1958 sed
1086 1924 1331 1976 χρηματίζειν
1359 1923 1466 1976 apud

17 1983 218 2022 Socratem
259 1993 338 2018 non
381 1980 573 2030 significat
616 1980 832 2027 nominari,
872 1977 943 2016 sed
981 1991 1072 2018 esse.
1128 1981 1185 2016 ita
1219 1979 1463 2032 Hesychius.

16 2055 90 2090 την
116 2037 232 2084 νέαν,
265 2037 415 2102 inquit,
454 2033 635 2086 οἷνίστησι
659 2033 827 2086 Ρώμην,
857 2035 948 2085 ἰ’σην
977 2050 1102 2086 αυτην
1127 2038 1179 2089 τῇ
1205 2033 1339 2090 πρώτῃ
1368 2052 1464 2087 χρη-

17 2095 189 2147 ματίζειν
221 2088 464 2144 προστάξας,
501 2091 544 2129 id
574 2099 652 2138 est,
692 2099 735 2128 ut
764 2093 1041 2141 interpretatur
1067 2090 1312 2142 Nicephorus
1342 2093 1466 2129 Calli-

17 2152 147 2189 stusl.
169 2153 215 2196 8,
246 2150 313 2189 ἰ’σα
339 2152 390 2204 τῇ
415 2146 553 2202 πρώτῃ
582 2152 738 2199 κρατεῖν
764 2147 830 2187 καὶ
854 2147 1077 2199 οἰκονομεῖν
1103 2148 1170 2187 καὶ
1196 2146 1463 2188 δυναστεύειν.

17 2206 94 2244 hoc
132 2207 238 2243 enim
274 2206 345 2243 lex
379 2206 448 2242 illa
485 2205 732 2242 Constantini
770 2204 974 2241 columnae
1006 2204 1048 2240 in
1084 2205 1278 2259 strategio
1313 2205 1463 2254 positae

18 2264 141 2300 incisa
180 2262 425 2310 continebat,
466 2263 636 2299 Romam
664 2267 780 2312 atque
809 2260 964 2311 Cpoh'm
989 2259 1097 2297 idem
1123 2261 1186 2298 ius
1217 2258 1463 2312 eandemque

19 2318 253 2370 dignitatem
278 2317 436 2355 habere.
493 2320 626 2355 LAnB.

131 2389 169 2426 p.
201 2375 252 2414 15
281 2387 319 2412 v.
346 2376 385 2414 7.
442 2369 739 2441 Αὕγουσταῖον]
780 2372 993 2422 Procopius
1033 2371 1081 2409 de
1122 2370 1307 2410 aedificiis
1344 2373 1464 2410 Iusti-

21 2432 184 2471 nianil.
216 2431 259 2468 1:
302 2428 380 2469 ἐστι
418 2429 462 2468 δέ
498 2446 555 2476 τις
592 2425 734 2496 αγορᾶ
752 2424 829 2477 πρό
861 2430 941 2468 τῶν
974 2429 1182 2480 βασιλείων
1218 2430 1463 2479 περίστυλος·

22 2483 292 2555 Αυγουσταῖον
319 2487 484 2525 καλοῦσι
511 2501 583 2536 την
611 2481 764 2537 α’γοραν
791 2499 831 2523 οι
855 2479 1071 2532 Βυζάντιοι.
1128 2485 1320 2522 vocabant
1345 2485 1465 2522 etiam

22 2539 331 2596 Αυγουστεῶνα,
374 2548 418 2578 ut
453 2541 655 2578 Cedrenus
695 2541 842 2591 aliique
877 2547 916 2578 et
954 2541 1038 2591 ipse
1076 2539 1141 2576 hic
1179 2547 1313 2578 noster
1348 2541 1464 2583 infra.

23 2597 114 2635 vide
149 2598 314 2636 Suidam
351 2599 393 2634 in
431 2595 673 2648 Αὔγουστος.
731 2596 982 2647 conflagravit
1020 2603 1151 2634 autem
1188 2609 1291 2635 anno
1327 2597 1464 2648 quinto

23 2654 179 2704 imperii
204 2655 453 2701 Iustinianei,
481 2660 580 2691 teste
608 2651 796 2690 cedreno.
852 2654 1010 2692 Mtuns.

135 2722 174 2760 p-
198 2711 250 2750 15
277 2710 390 2750 v.10
411 2723 470 2761 sq.
526 2707 714 2759 ανέστησε
742 2707 808 2749 καὶ
833 2706 907 2749 δυο
937 2706 1111 2758 ἆψίδας]
1141 2709 1266 2746 scribe
1293 2716 1338 2746 ut
1363 2710 1463 2759 legi-

26 2772 89 2802 tur
118 2766 221 2816 apud
250 2765 510 2816 Hesychium‚
547 2759 767 2816 ἐνέστησαν
793 2779 833 2805 τε
862 2765 906 2804 αἱ
932 2761 1005 2804 δύο
1034 2761 1191 2815 ἆψίδες.
1246 2766 1377 2807 ΙιΛιιι,
