1754 2990
472 139 546 182 AD
583 137 843 182 CODINUM
874 134 1078 183 NOTAE.
1398 136 1501 184 285·

239 258 322 300 155
357 266 396 301 v.
433 260 474 300 5.
532 254 805 311 ἐπεκύρωσεν]
847 260 1036 309 Novella,
1079 271 1177 331 qua
1200 252 1502 302 Constantinum

51 315 438 387 Porphyrogenitum
464 315 634 353 Romani
662 317 829 354 senioris
858 317 1062 355 Novellam
1091 314 1182 370 περὶ
1207 318 1291 356 ταῖν
1317 315 1502 368 oneroso-

51 372 230 443 χομὲνων
260 373 442 412 δυνατῶν
471 371 724 410 confirmasse
754 373 809 410 ait
830 372 1030 424 eodinus,
1066 374 1138 412 illa
1159 379 1219 412 est
1241 385 1343 426 quae
1364 373 1504 424 incipit

51 427 190 537 ιιιαροὶΡ
182 429 339 469 πολλων
361 422 576 480 α’νὲμαθεν.
633 429 761 467 Lm.

194 484 319 525 .155
355 496 390 522 v
427 486 466 525 6.
524 483 546 525 ὅ
578 485 870 537 Δεκαπολίτης]
910 486 1077 524 dubium
1107 499 1190 524 non
1222 491 1282 524 est
1312 485 1409 539 quin
1439 483 1505 523 hic

51 544 238 595 loquatur
266 538 444 578 eodinus
474 538 523 577 de
545 539 759 580 Theodoro
781 543 1012 594 Decapolita
1034 543 1197 594 patricio
1221 548 1261 580 et
1283 549 1503 594 quaestore,

52 611 171 652 quem
206 597 416 650 plerasque
447 598 630 635 Novellas
664 611 686 635 a
719 598 975 637 Constantino
1006 598 1346 652 Porphyrogenito
1379 597 1509 637 editas

52 654 320 706 composuisse
361 659 526 691 constat.
588 667 724 709 earum
763 656 892 706 prima
926 657 984 694 sic
1018 657 1261 694 inscribitur:
1304 654 1395 706 περὶ
1425 658 1505 695 τῶν

51 713 336 765 στρατιωτικῶν
365 707 419 762 ἢν
446 705 699 763 υπηγόρευσε
720 705 931 765 Θεόδωρος
961 713 1169 765 πατρίκιος
1196 711 1264 752 καὶ
1293 711 1505 765 κοιαίστωρ

52 767 76 810 o‘
113 767 396 818 Δεκαπολίτης.
464 766 648 804 similiter
687 768 863 820 reliquae
902 769 1188 818 inscribuntur,
1227 774 1506 821 praeterquam

51 823 160 878 quod
200 835 272 875 pro
315 819 520 876 Θεόδωρος
553 837 761 875 perperam
791 826 937 876 legitur
970 822 1164 876 Θεόφιλος
1197 831 1235 863 et
1270 822 1507 873 Θεοδόσιος·

50 893 146 919 118111
179 886 330 917 certum
360 886 420 917 est
451 886 531 917 tres
563 881 654 918 illas
685 882 868 919 Novellas
899 882 1147 920 Constantini
1175 881 1223 918 ab
1253 894 1333 919 uno
1363 879 1506 919 eodem

51 934 263 976 Theodoro
285 936 517 987 Decapolita
540 938 775 989 compositas
798 938 941 987 fuisse,
971 939 1082 977 cuius
1103 936 1170 975 hic
1192 936 1366 976 Codinus
1388 950 1506 975 men-

50 995 202 1033 tionem
233 993 340 1032 facit.
403 993 544 1030 erravit
576 995 697 1031 etiam
730 995 943 1047 interpres,
982 996 1050 1047 qui
1087 994 1297 1047 κοιαίστωρ
1325 991 1347 1034 o‘
1375 998 1507 1034 Δεκα-

50 1050 214 1102 πολίτης
241 1049 356 1088 vertit
385 1056 565 1101 quaestor
590 1050 853 1101 Decapoleos,
890 1053 1078 1103 quoniam
1101 1049 1123 1092 ὁ
1145 1049 1415 1102 Δεκαπολίτης
1437 1063 1506 1088 co-

50 1112 311 1159 gnomentum
334 1112 411 1154 est,
443 1118 466 1143 a
487 1106 612 1157 patria
636 1105 910 1159 desumptum,
933 1113 977 1146 ut
1005 1107 1250 1161 Τριπολίτης.
1307 1113 1506 1146 caeterum

51 1161 149 1217 quid
168 1161 272 1201 illud
295 1161 338 1203 ἐν
358 1164 409 1216 τῇ
430 1159 489 1202 λυ
512 1163 725 1213 significet,
761 1163 942 1202 nondum
963 1163 1064 1202 mihi
1085 1165 1225 1217 liquet.
1282 1165 1412 1201 Lm.

161 1233 202 1272 Ρ.
226 1212 304 1260 155
327 1231 361 1260 v,
385 1219 530 1260 7—9.
587 1235 663 1260 ουκ
685 1215 765 1260 ἄπο
786 1222 860 1261 τοῦ
880 1242 935 1249 -
959 1220 1016 1268 εἰς
1036 1218 1112 1272 ὃν]
1149 1219 1256 1258 hunc
1287 1221 1423 1258 locum
1451 1219 1508 1258 ita

50 1273 347 1315 reformandum
387 1288 473 1314 esse
512 1287 679 1314 censeo:
725 1271 800 1316 οὐκ
841 1271 923 1317 ἄπο
958 1279 1048 1346 τῆς
1066 1273 1226 1329 πραότης
1259 1276 1509 1328 ψηφίζονται

50 1333 299 1379 ἰνδικτιιὸνος
320 1334 394 1372 τοῦ
413 1329 531 1384 ,ς·υ’λς
554 1331 684 1381 ἔτους,
709 1328 799 1372 αλλ’
822 1328 901 1373 ἀπὸ
924 1329 1048 1385 τὴςα’
1063 1332 1312 1380 ἰνδικτιῶνος
1325 1335 1398 1373 τοῦ
1411 1329 1506 1386 ςυλ’

50 1388 185 1438 ἔτους,
223 1385 314 1441 ἤτοι
351 1391 424 1429 τοῦ
461 1391 606 1441 καιροῦ
639 1391 713 1430 τοῦ
746 1391 913 1441 λιμοῦ,
924 1389 981 1437 εἰς
1011 1386 1073 1430 ὃν.
1129 1388 1202 1427 sed
1233 1396 1369 1427 utrum
1400 1395 1506 1426 recte

52 1444 346 1484 emendaverint
388 1457 539 1492 necne,
584 1446 807 1497 intelliges,
851 1446 921 1483 ubi
962 1445 1248 1497 introspexeris
1289 1444 1508 1484 secundam

50 1503 259 1540 Novellam
291 1502 538 1539 Constantini
569 1500 920 1553 Porphyrogeniti,
957 1508 996 1539 et
1026 1503 1197 1553 primam
1220 1509 1339 1554 atque
1361 1515 1507 1540 secun-

51 1558 146 1596 dam
175 1558 345 1597 Romani
373 1558 549 1596 senioris.
602 1565 715 1596 notes
740 1560 859 1595 etiam
881 1558 1097 1610 posteriora
1118 1558 1189 1594 illa
1212 1557 1354 1595 Codini
1374 1558 1507 1606 verba,

50 1610 139 1655 ἄλλ’
171 1611 253 1655 ἀπὸ
283 1616 356 1666 τῆς
387 1610 547 1665 πραότης
579 1612 846 1662 ἰνδικτιῶνος,
881 1612 1119 1665 respondere
1149 1614 1277 1653 verbis
1309 1613 1507 1652 secundae

49 1671 235 1709 Novellae
271 1670 539 1717 Constantini,
574 1681 676 1720 quae
708 1670 917 1707 subiunxi:
950 1668 1041 1720 περὶ
1074 1666 1118 1709 δὲ
1148 1671 1227 1709 τῶν
1259 1666 1337 1710 ἀπὸ
1366 1673 1497 1722 τῆςα
1470 1667 1508 1710 α’

52 1726 320 1774 ῑνδικτιῶνος,
356 1723 444 1776 ἤτοι
476 1723 519 1764 ἐκ
550 1726 624 1764 τοῦ
655 1727 800 1793 καιροῦ
833 1727 906 1764 τοῦ
938 1726 1060 1776 λιμου
1092 1722 1227 1778 μέχρις
1254 1723 1407 1780 ἡμέρας
1435 1728 1508 1779 τῆς

49 1780 239 1836 ημετέρας
260 1777 578 1849 ἀναγορεύσεως,
610 1775 843 1849 ἀδιαφόρως
866 1787 939 1818 etc.
999 1782 1127 1823 Lm.

161 1852 200 1890 p.
226 1837 305 1878 156
327 1850 363 1877 v.
387 1837 427 1876 9.
484 1833 557 1887 τήν
581 1832 624 1875 δὲ
646 1834 814 1889 νεαρὰν]
847 1837 986 1874 Basilii
1016 1844 1151 1875 autem
1172 1834 1507 1888 Porphyrogeniti

50 1895 233 1942 Novella,
268 1894 377 1931 cuius
400 1891 466 1930 1110
490 1892 662 1930 eodinus
684 1893 886 1942 meminit,
909 1893 980 1930 illa
1004 1901 1062 1932 est
1084 1906 1186 1947 quae
1207 1894 1346 1946 incipit
1369 1891 1508 1946 ἐπειδή

50 1966 124 2004 περ
146 1948 178 2004 ἦ
197 1950 375 2003 βασιλεία
397 1964 487 2001 μου.
542 1950 670 1989 LAMB.

162 2021 203 2059 p.
228 2007 308 2047 158
331 2018 367 2047 v,
390 2007 445 2047 20
467 2017 528 2057 sq.
585 2008 659 2046 τοῦ
689 2007 881 2058 κραταιοῦ
907 2003 976 2045 καὶ
1005 2002 1121 2060 αγίου
1150 2002 1265 2057 ἡμων
1286 2003 1503 2058 βασιλέως]

51 2063 142 2101 111110
177 2063 304 2115 liquet
343 2068 542 2100 auctorem
577 2060 697 2099 huius
733 2060 906 2099 chronici
937 2062 1018 2100 sive
1048 2060 1190 2099 indicis
1218 2063 1502 2113 imperatorum

52 2121 348 2171 Gpolitanorum
379 2119 525 2157 vixisse
558 2118 631 2155 sub
664 2119 848 2155 Manuele
881 2118 1103 2156 Comneno:
1137 2130 1239 2169 quae
1269 2131 1361 2171 ergo
1385 2118 1501 2156 dein-

53 2189 143 2227 ceps
165 2183 383 2229 sequuntur
406 2188 428 2212 a
450 2175 658 2212 recentiori
681 2173 863 2211 adiuncta
885 2176 1172 2216 sunt.LAM13.

162 2246 202 2283 p-
227 2230 308 2274 160
329 2246 364 2272 v.
387 2232 455 2271 20.
510 2233 562 2286 τῇ
592 2228 739 2285 μεγάλῃ
773 2227 978 2285 θαλάσσῃ]
1016 2232 1072 2269 sic
1102 2229 1302 2282 hodieque
1334 2230 1500 2282 pristino

52 2289 213 2326 nomine
253 2287 457 2340 deperdito
495 2288 677 2325 Euxinus
716 2293 859 2338 pontus
892 2294 1052 2326 vocatur
1083 2287 1117 2324 il
1143 2299 1252 2324 mare
1282 2288 1498 2339 maggior-e.

50 2345 177 2384 Lm.

163 2414 204 2452 p.
229 2400 305 2440 161
330 2413 368 2440 v.
394 2400 458 2439 16.
514 2401 586 2450 τῆς
619 2396 812 2451 Μάκρης]
862 2400 1050 2437 Macram
1088 2397 1322 2437 recentiores
1364 2398 1504 2436 Graeci

51 2463 212 2506 vocant,
237 2468 338 2508 quae
364 2456 579 2508 antiquitus
606 2455 770 2506 Stagira
791 2456 1077 2494 nominabatur.
1134 2456 1245 2493 testis
1268 2461 1326 2492 est
1347 2456 1502 2494 Nicetes

54 2511 265 2552 Choniates
289 2526 326 2563 p.
350 2511 428 2552 595
476 2513 499 2551 1
542 2510 602 2549 ed.
625 2513 751 2553 Bonn,
806 2513 931 2551 LAMB.

163 2583 204 2620 P.
229 2567 308 2608 164
330 2580 363 2605 v.
388 2568 425 2606 9.
481 2563 666 2619 Ἰωάννης
689 2566 712 2607 0‘
734 2564 1084 2618 Καντακουζηνός]
1121 2572 1339 2604 asservatur
1367 2567 1410 2604 in
1438 2566 1503 2605 bi-

54 2623 250 2662 bliotheca
291 2625 606 2662 Eminentissimi
649 2622 759 2662 Card.
802 2625 999 2662 Francisci
1039 2624 1244 2660 Barberini
1279 2621 1408 2661 codex
1438 2635 1500 2662 ms

54 2680 327 2730 Tacticorum,
362 2682 403 2717 in
437 2681 546 2718 cuius
580 2681 676 2718 folio
709 2679 880 2732 quodam
908 2686 1070 2718 vacante
1093 2679 1254 2732 quidam
1277 2680 1499 2718 DemetrIus

54 2737 292 2785 Leonnatus,
328 2738 439 2775 cuius
463 2735 591 2776 codex
612 2738 682 2774 ille
704 2737 799 2786 fuit,
831 2738 981 2775 notavit
1002 2737 1151 2774 natales
1174 2736 1388 2775 liberorum
1411 2750 1504 2775 suo-

54 2805 164 2843 rum,
206 2794 351 2832 inserta
387 2795 587 2832 mentione
620 2792 669 2831 de
703 2791 767 2831 die
790 2794 918 2832 obitus
950 2794 1107 2832 Ioannis
1141 2793 1402 2832 Cantacuzeni
1435 2792 1497 2831 his
