1754 2990
509 130 584 172 DE
619 127 947 174 ORIGIMBUS
982 129 1060 174 (ΣΡ.
1317 186 1321 187 ⁷
1477 129 1509 171 9

63 254 111 296 δέ
140 269 202 303 τις
234 255 313 296 τῶν
343 253 387 294 ἐκ
418 251 590 296 Τυάνων
623 253 799 308 τοῦνομα
828 251 1108 303 Ἀπολλῶνιος
1139 252 1182 294 ἐκ
1218 253 1336 294 λίθου
1370 255 1510 303 ξεστοῦ

34 324 37 327 ’
62 329 168 376 τρεῖς
191 318 432 374 ἀνεστήσατο
465 320 708 377 πελαργούς,
742 321 1053 377 ἀντιπροσώπως
1086 319 1263 376 ὁρῶντας
1299 320 1509 374 ἀλλήλους,

63 390 110 431 οἳ
126 391 193 432 καὶ
213 390 330 444 μέχρι
353 392 426 430 τοῦ
450 393 518 430 νῦν
542 391 817 442 διαμένουσιν,
852 391 899 431 οὐ
926 394 1220 446 συγχωροῦντες
1251 390 1509 446 ἐπιφοιτῆσαι

62 462 114 515 τῇ
133 455 245 500 πόλει
267 456 313 498 τὸ
335 461 415 499 τῶν
436 461 643 513 πελαργῶν
664 459 786 512 γένος.

29 533 54 566 5
188 524 278 565 Ἐπὶ
312 526 357 566 δὲ
387 531 471 574 τοῖς
505 527 722 582 εἰρημένοις
754 530 826 567 τοῦ
860 530 1084 580 στρατηγοῦ
1116 526 1286 567 Διναιοῦ
1315 524 1385 567 τὸν
1418 525 1508 577 βίον

58 592 396 645 μεταλλάξαντος,
417 594 543 635 Λέων
566 611 626 644 τις
646 598 727 636 τῶν
743 595 971 644 Βυζαντίων
992 594 1066 648 τὴν
1092 594 1397 650 ἀριστοκρατίαν
1421 593 1508 634 ἐδέ-

59 662 177 711 ξατο,
213 660 274 718 ἐφ’
312 655 360 702 οὗ
384 663 582 711 Φίλιππος
614 659 635 704 ὅ
672 666 751 704 τῶν
773 660 1024 704 ΖΙΊακεδόνων
1054 660 1267 714 βασιλεῦς,
1296 659 1508 714 Ἀμύντου

58 734 153 777 παῖς
175 727 363 784 γεγονώς,
397 730 547 783 πολλὴν
571 729 812 785 ἐπαγόμενος
835 729 1003 783 δύναμιν
1025 728 1242 784 ἐπολιόρκει
1274 730 1346 783 τὴν
1376 728 1503 779 πόλιν,
1527 735 1558 768 C

0 819 2 837 ι
60 795 229 852 διώρυξί
254 813 296 838 τε
327 799 394 838 καὶ
424 801 656 850 πολεμικαῖς
687 805 885 852 μηχαναῖς
913 805 998 847 τοῖς
1026 799 1168 851 τείχεσι
1200 796 1506 853 προσπελάζων·

0 841 128 906 510an
161 862 310 918 ταύτην
341 863 392 906 ι’ὶν
429 863 505 907 εἷλε
538 865 685 924 ῥᾳδίως
715 867 855 916 νυκτὸς
877 865 1165 919 ἐπιλαβόμενος
1189 864 1406 918 ἀσελήνου,
1442 868 1509 906 καὶ

58 930 214 987 ὄμβρου
237 934 553 989 καταρραγέντος
575 935 771 986 ἐξαισίου,
795 938 830 976 εἶ
850 933 907 987 μή
930 951 991 983 τις
1013 934 1149 983 αὐτοῖς
1165 938 1237 975 τοῦ
1248 936 1362 975 θείου
1376 934 1508 988 γέγονε

57 1001 291 1054 συμμαχία,
314 1000 408 1050 τοὺς
429 1001 530 1043 κατὰ
554 1002 626 1055 τὴν
642 1001 756 1044 πόλιν
771 1002 873 1057 πρὸς
887 999 1041 1055 ὑλακὴν
1059 1000 1357 1055 ἀναστήσαντος
1374 1000 1509 1050 κύνας,

57 1069 125 1109 καὶ
146 1069 320 1125 νεφέλας
334 1069 460 1124 πυρὸς
482 1076 566 1119 τοῖς
588 1069 783 1127 ἀρκτιόοις
805 1070 1019 1125 ἐπάγοντος
1049 1069 1208 1119 τόποις·
1242 1071 1284 1119 ἐξ
1318 1064 1437 1122 οὗπερ
1471 1070 1509 1110 οἳ

61 1138 181 1189 δῆμοι
213 1137 487 1191 ἐπεγερθέντες
520 1137 598 1191 ἤδη
631 1138 704 1189 τὴν
739 1138 854 1179 πόλιν
887 1136 966 1180 ὗπό
997 1143 1055 1194 τῷ
1081 1140 1267 1194 Φιλίππῳ
1298 1138 1509 1192 γενομένην

5 1207 50 1242 15
63 1202 300 1258 ἐρρύσαντο,
335 1203 602 1255 ἀναλαβόντες
625 1206 718 1254 τοὺς
741 1206 1043 1260 διαφθαρέντας
1063 1205 1239 1259 πύργους
1259 1213 1342 1254 τοῖς
1366 1208 1407 1246 ἐκ
1431 1210 1510 1246 τῶν

58 1270 199 1326 τάφων
221 1271 522 1324 παρακειμένοις
543 1273 696 1321 λίθοις,
730 1274 795 1312 καὶ
819 1271 1203 1324 ἀνοικοδομήσαντες
1224 1273 1298 1320 τὰς
1331 1272 1510 1322 ἐπάλξεις

58 1342 132 1380 τοῦ
153 1339 330 1391 τείχους,
366 1331 413 1378 οὗ
437 1337 486 1390 δὴ
504 1336 628 1392 χάριν
648 1338 693 1379 τὸ
716 1345 844 1390 τεῖχος
865 1337 1120 1391 τυμβοσύνην
1152 1337 1366 1388 ἐκάλεσαν,
1399 1344 1507 1391 λαμ·
1528 1349 1560 1382 D

58 1404 297 1461 παδηφόρον
312 1402 481 1458 Ἑκάτης
503 1404 798 1458 ἀναστήσαντες
829 1404 1004 1460 ἄγαλμα.
1074 1400 1196 1454 αὖθις
1220 1407 1263 1447 δὲ
1286 1408 1387 1461 πρὸς
1410 1424 1509 1447 ναυ-

59 1474 208 1527 μαχίαν
244 1473 455 1528 τραπέντες
490 1478 720 1528 περιφανῶς
757 1473 853 1522 τοὺς
894 1471 1144 1522 Μακεδόνας
1179 1474 1375 1527 ἐνίκησαν.
1442 1479 1509 1515 καὶ

0 1541 52 1577 2⁰
62 1539 190 1597 τούτῳ
219 1545 277 1597 τῷ
305 1539 441 1598 τρόπῳ
477 1542 738 1590 διαλυθέντος
762 1545 834 1583 τοῦ
857 1541 1030 1595 πολέμου
1058 1543 1257 1591 Φίλιππος
1278 1551 1515 1597 παραχωρεῖ

61 1610 307 1660 Βυζαντίοις.
1023 1612 1025 1614 ’
1467 1656 1469 1660 X

189 1677 295 1718 Ἐπεὶ
321 1675 364 1716 δὲ
387 1676 452 1716 καὶ
474 1676 599 1733 Λέων
623 1676 690 1718 τὸν
712 1678 800 1729 βίον
822 1674 1087 1731 μετήλλαξεν,
1123 1675 1144 1719 ὃ
1168 1681 1248 1718 τῶν
1267 1676 1509 1730 Ἀθηναιίυν

151 1818 176 1852 2
204 1804 487 1855 ἄνπιπροσῶπως
509 1817 595 1850 Hes.
617 1828 680 1862 pro
707 1813 746 1850 ἓν
768 1828 806 1850 τε
828 1815 1048 1859 προσώποις.
1233 1817 1255 1849 5
1290 1816 1397 1850 δι’νεω
1420 1816 1507 1850 Hes.

155 1864 202 1898 13
233 1860 350 1903 πυρὰς
368 1865 445 1902 τοῖς
465 1858 644 1904 ἄρκτῶοις
672 1882 716 1887 -
747 1860 874 1902 τόποις
904 1864 990 1898 Hes.
1014 1875 1078 1909 pro
1100 1860 1193 1907 πρὸς
1214 1859 1301 1902 τούς
1320 1859 1510 1907 &enmono

155 1926 203 1934 —-
224 1905 371 1947 τόπους.
506 1908 552 1943 18
572 1908 777 1952 ναυμαχίας
798 1908 885 1942 Hes.

65 2029 303 2074 adorirentur,
326 2034 470 2077 stupore
490 2032 640 2078 perculsi
661 2036 780 2066 erant:
802 2031 864 2066 sed
886 2033 944 2066 vir
965 2033 1101 2079 quidam
1124 2034 1292 2078 Tyaneus
1307 2032 1510 2078 Apollonius

65 2077 218 2119 nomine,
243 2082 315 2111 tres
337 2078 490 2111 ciconias
514 2089 558 2111 ex
579 2077 693 2123 lapide
715 2078 793 2111 albo
817 2079 965 2113 obversa
986 2079 1079 2114 facie
1102 2091 1139 2113 se
1162 2084 1278 2113 mutuo
1302 2079 1509 2123 aspicientes

65 2123 196 2164 erexit,
232 2134 322 2167 quae
353 2124 398 2157 ad
419 2123 483 2157 hoc
505 2134 615 2168 usque
637 2128 772 2167 tempus
794 2123 920 2158 durant
941 2136 1052 2170 neque
1076 2125 1225 2159 ciconias
1251 2125 1287 2158 in
1307 2125 1426 2158 urbem
1447 2135 1510 2156 ve-

66 2167 140 2201 nire
161 2168 378 2212 permittunt.

200 2213 287 2247 Post
315 2214 400 2248 haec
422 2214 554 2248 Dinaeo
590 2215 767 2260 praefecto
799 2218 931 2249 mortuo
961 2215 1035 2249 Leo
1067 2215 1202 2260 quidam
1224 2215 1388 2260 Byzantii
1423 2225 1511 2247 sum-

30 2288 36 2290 .
65 2269 151 2292 mum
174 2259 408 2303 magistratum
431 2259 604 2305 suscepit,
638 2261 700 2293 sub
726 2270 794 2303 quo
815 2260 993 2306 Philippus
1016 2261 1241 2295 Macedonum
1264 2273 1346 2303 rex,
1381 2261 1512 2301 Amyn-

64 2309 124 2337 tae
158 2303 268 2345 filius,
307 2306 440 2350 magnis
475 2305 587 2350 copiis
618 2306 762 2339 admotis
795 2306 911 2340 urbem
943 2307 1097 2349 obsedit,
1139 2312 1177 2340 et
1213 2307 1381 2341 cuniculis
1419 2304 1512 2337 aliis-

65 2360 134 2394 que
156 2349 318 2383 machinis
339 2351 471 2385 bellicis
494 2362 608 2384 muros
640 2361 824 2394 aggressus
858 2358 924 2385 est.
971 2357 1008 2385 et
1039 2364 1122 2386 sane
1158 2353 1264 2386 facile
1298 2363 1368 2385 ean·
1403 2359 1511 2392 expu-

34 2431 42 2439 ,
114 2399 207 2428 asset
230 2400 330 2428 nocte
352 2396 448 2430 illuni
472 2402 508 2430 et
531 2396 694 2429 immensa
718 2396 834 2440 pluvia
855 2397 1114 2440 adiuvantibus,
1153 2398 1219 2431 nisi
1243 2398 1321 2442 quis
1345 2397 1428 2428 deus
1455 2399 1513 2426 tu-

64 2440 164 2472 lnsset
190 2451 308 2484 opem,
333 2446 370 2474 et
393 2452 496 2475 canes
517 2452 579 2485 per
603 2443 722 2475 urbem
745 2442 789 2475 ad
811 2442 972 2476 latratum
997 2443 1202 2485 excitasset,
1227 2444 1404 2483 nubesque
1429 2439 1514 2472 luci-

64 2485 127 2518 das
149 2485 192 2518 ad
216 2486 484 2530 septentrionem
507 2487 740 2532 produxisset.
786 2498 829 2520 ea
851 2498 891 2520 rc
914 2488 1069 2521 suscitati
1093 2489 1188 2522 cives
1212 2489 1328 2521 urbem
1353 2486 1415 2518 iam
1439 2485 1514 2518 sere

64 2541 89 2563 a
117 2529 276 2574 Philippo
311 2537 445 2576 captam
475 2538 747 2573 conservarunt,
786 2535 967 2578 tun-esque
1001 2539 1038 2566 et
1060 2545 1230 2567 murorum
1262 2530 1515 2577 propugnacula

65 2573 277 2609 labefactata
299 2587 342 2610 ex
362 2577 529 2621 lapidibus
545 2578 795 2623 sepulcralibus
817 2584 1068 2613 restaurarunt.
1115 2579 1187 2612 eius
1212 2578 1263 2611 rei
1287 2575 1399 2619 gratia
1420 2575 1512 2608 illum

67 2630 195 2654 nurum
227 2622 512 2665 cognominarunt
546 2624 798 2668 ³epulcretum,
836 2629 952 2657 erecta
986 2625 1085 2657 simul
1117 2621 1339 2665 lampadifera
1361 2620 1512 2653 Hecates

68 2669 197 2699 statua.
242 2673 365 2710 postea
387 2679 472 2701 vero
496 2668 538 2701 ad
562 2679 710 2712 pugnam
734 2669 886 2702 navalem
909 2670 1040 2702 reversi
1073 2668 1198 2701 illustri
1234 2666 1330 2699 clade
1353 2666 1515 2699 Macedo-

67 2719 128 2742 nes
162 2710 369 2753 affecerunt3
409 2714 627 2758 quamobrem
655 2713 833 2759 Philippus
866 2715 956 2748 bello
991 2715 1041 2747 ita
1074 2714 1172 2746 finito
1198 2711 1372 2755 Byzantiis
1395 2711 1512 2744 cessit.

203 2757 390 2801 Postquam
406 2764 518 2792 autem
530 2759 600 2793 Leo
614 2770 750 2804 quoque
763 2760 914 2793 excessit
926 2772 944 2793 e
959 2759 1044 2798 vita,
1058 2757 1314 2791 Atheniensium
1329 2757 1514 2802 imperator
