1708 3022
476 699 525 756 L
565 698 620 753 A
659 695 726 752 M
762 695 812 752 B
854 696 902 752 E
938 694 985 753 C
1025 695 1051 750 I
1090 695 1118 750 Ι

122 825 209 872 DE
246 821 535 871 GEORGII
572 819 810 870 CODINI
843 820 1008 870 VITA
1042 819 1133 866 ET
1172 818 1478 868 SCRIPTIS

396 940 658 983 BREVIS
708 937 1208 982 DISSERTATIO.

76 1182 324 1263 Georgium
362 1208 569 1251 Godinum
603 1223 687 1249 non
723 1210 798 1248 sub
835 1209 990 1249 ultimis
1026 1215 1184 1247 tantum
1218 1206 1534 1263 imperatoribus

76 1278 304 1335 Cpolitanis
346 1275 525 1325 vixisse,
572 1274 647 1314 sed
690 1274 942 1329 aliquamdiu
985 1274 1109 1313 etiam
1151 1275 1402 1329 superfuisse
1439 1281 1535 1330 post

74 1348 208 1404 ipsam
260 1341 438 1398 Cpoleos
485 1342 852 1398 expugnationem,
904 1355 974 1380 ex-
998 1341 1126 1396 ipsius
1169 1341 1330 1397 scriptis
1374 1340 1534 1395 liquido

74 1417 254 1468 apparet.
323 1411 580 1466 'curopalatae
614 1422 714 1450 vero
749 1422 1000 1460 cognomen,
1037 1407 1148 1462 quod
1183 1409 1223 1448 ei
1257 1410 1307 1449 ab
1343 1409 1427 1448 illis
1461 1408 1534 1448 tri-

76 1481 211 1520 buitur
255 1478 326 1534 qui
367 1479 519 1518 librum
564 1477 652 1518 eius
695 1475 748 1517 de
795 1475 959 1518 Officiis
1002 1476 1144 1533 palatii
1195 1475 1260 1517 GP
1305 1475 1534 1528 ediderunt,

75 1549 120 1588 in
151 1547 236 1588 illis
269 1560 372 1602 quos
411 1560 488 1599 ego
523 1544 612 1588 vidi
647 1544 856 1587 codicibus
889 1558 1014 1585 manu
1050 1544 1210 1600 scriptis
1238 1559 1323 1584 non
1350 1545 1536 1601 repperi3

8 1616 14 1624 ‘
78 1624 120 1657 et
162 1614 325 1655 facilius
369 1616 501 1655 multo
547 1612 711 1654 credam
754 1613 995 1669 impositum
1035 1613 1075 1652 ei
1113 1613 1242 1653 fuisse
1277 1614 1534 1669 curopalatae

80 1697 327 1736 cognomen,
365 1683 459 1738 quia
494 1681 545 1723 de
576 1680 741 1724 Officiis
771 1682 913 1738 palatii
940 1680 1121 1737 scripsit,
1156 1694 1279 1736 quam
1309 1679 1417 1736 quod
1445 1681 1536 1737 ipse

81 1753 337 1809 curopalatae
370 1744 608 1803 dignitatem
638 1749 869 1790 obtinuerit.
909 1796 914 1799 ,
937 1757 1143 1790 caeterum
1168 1748 1279 1804 quod
1307 1747 1360 1788 ad
1387 1749 1536 1804 scripta

82 1820 171 1861 eius
206 1819 368 1870 attinet,
411 1833 497 1860 non
532 1827 746 1875 propterea
782 1816 979 1859 duntaxat
1010 1830 1119 1859 vano
1158 1816 1339 1872 quodam
1372 1816 1536 1873 praeiu-

83 1887 194 1928 dicio
236 1886 504 1942 improbanda
549 1894 663 1938 sunt,
707 1886 901 1941 quoniam
939 1884 1121 1927 Codinus
1157 1884 1342 1926 ducentis
1379 1892 1536 1925 tantum

83 1955 232 1996 abhinc
277 1953 394 1995 annis
434 1954 592 2005 floruit3
643 1954 794 2011 quippe
839 1954 930 2010 qui,
976 1967 1239 2009 quaecunque
1283 1951 1434 2004 edidit,
1481 1966 1536 1993 ex

84 2022 379 2078 antiquioribus
413 2029 454 2062 et
488 2022 616 2074 magis
650 2022 832 2078 probatis
866 2022 1096 2062 auctoribus
1132 2021 1335 2078 excerpsit
1371 2029 1412 2061 et
1447 2022 1535 2061 col-

85 2091 196 2143 legit.
263 2103 359 2130 nam
392 2089 503 2146 quod
536 2090 714 2146 primum
744 2090 850 2130 inter
878 2092 1075 2147 opuscula
1102 2089 1188 2129 eius
1214 2091 1353 2130 locum
1381 2088 1537 2129 obtinet

87 2166 128 2198 et
159 2158 390 2198 inscribitur
421 2158 508 2212 περὶ
539 2160 619 2198 τῶν
648 2158 825 2212 πατρίων
857 2158 947 2199 sive
981 2157 1033 2199 de
1065 2157 1288 2210 originibus
1323 2156 1408 2208 CP,
1447 2156 1534 2196 eius

86 2226 219 2267 maior
260 2239 354 2282 pars
396 2227 643 2267 verbotenus
689 2224 889 2282 descripta
929 2234 992 2267 est
1027 2240 1080 2267 ex
1114 2225 1324 2279 Hesychio
1358 2224 1535 2275 Milesio,

87 2294 243 2349 reliqua
289 2307 388 2335 vero
433 2308 487 2335 ex
530 2292 686 2347 Glycae
727 2293 970 2345 Annalibus,
1020 2293 1214 2334 chronico
1259 2291 1534 2334 Alexandrino

89 2369 130 2402 et
164 2361 246 2402 alio
283 2360 464 2416 quodam
495 2362 690 2403 hactenus
726 2375 811 2402 non
845 2360 978 2413 edito,
1026 2362 1140 2402 cuius
1174 2369 1315 2402 auctor
1348 2368 1409 2400 est
1444 2359 1534 2414 qui-

90 2427 187 2470 dam
220 2427 349 2469 Iulius
381 2429 554 2482 Pollux,
597 2430 760 2485 antiquo
789 2429 885 2482 illo,
930 2430 1000 2485 qui
1035 2429 1265 2471 Commodo
1300 2427 1536 2484 imperatori

90 2495 402 2538 Onomasticum
437 2512 555 2539 suum
593 2497 818 2549 dedicavit,
852 2498 1007 2553 aliquot
1042 2498 1214 2539 saeculis
1251 2495 1450 2537 recentior
1477 2494 1533 2547 *).

90 2565 183 2605 libri
233 2580 330 2606 vero
385 2565 437 2606 de
491 2566 632 2607 statuis
680 2566 811 2622 prima
853 2580 948 2622 pars
996 2565 1048 2607 de
1091 2565 1316 2608 simulacris
1364 2561 1532 2604 deorum

91 2632 302 2683 gentilium
345 2646 399 2674 ex
443 2633 652 2675 Phurnuto
699 2633 912 2691 desumpta
956 2642 1018 2676 est
1060 2643 1100 2674 et
1140 2648 1192 2674 ex
1229 2631 1393 2672 Ioannis
1428 2630 1532 2683 Lydi

183 2759 230 2801 *)
275 2759 386 2794 editus
408 2771 498 2795 nunc
523 2761 566 2795 ab
588 2760 746 2796 Hardtio.
