1754 2990
437 144 454 152 ,
482 97 557 139 An
592 91 854 140 conmuni
887 97 1088 140 NOTAE.
1413 98 1511 145 215

0 187 18 202 ⁴
50 217 150 308 ἕως
187 213 230 254 ἐν
266 216 373 256 κίονι
409 212 507 268 πρὸς
544 213 588 257 τὰ
626 211 844 270 α’ντίπεεραν
879 219 952 269 τῆς
988 212 1243 270 ἀκροπόλεως
1276 220 1503 268 Βυζαντίου.

9 287 12 290 ⁴
89 283 187 310 ΑΜΒ.
1475 311 1479 316 ,

86 405 95 415 .
160 347 286 416 Ρ.-19
313 349 445 415 ν..11.
500 345 667 416 Ἰνοξχὶης
695 345 770 389 οὔκ
800 350 878 403 εἰμὶ
905 350 1021 419 βοᾷς]
1061 350 1136 391 hoc
1165 352 1405 404 epigramma
1436 356 1503 392 alii

44 400 270 511 &aesopi-1311
305 404 484 500 «ἓξὲξ,
524 404 593 443 ahi
621 407 818 444 Hecataeo
847 407 1086 446 adscnbuut.
1143 416 1274 447 exstat
1301 409 1502 450 Antholo-

154 553 195 592 p.
224 540 277 580 11
309 553 348 579 v.
381 541 418 581 1.
476 538 728 591 τραφέντων]
773 541 900 580 scribe
931 543 1046 592 [cum
1075 542 1297 595 Hesychio]
1326 544 1499 598 γραφέν-

41 610 133 636 των.
191 609 329 634 sensus
377 602 458 644 est,
507 597 733 634 Timesium
775 610 857 636 non
906 601 1064 637 natione
1111 599 1182 638 sed
1220 601 1303 638 iure
1342 608 1498 640 tantum

40 653 276 704 municipali
312 653 506 702 Argivum
537 653 671 692 fuisse.
731 654 925 692 eiusmodi
954 658 1057 694 cives
1086 658 1226 694 Latine
1255 657 1501 708 adsergotzbii

41 707 246 757 dicuntur,
277 708 419 761 quibus
449 716 700 760 opponuntur
728 712 866 748 nativi.
925 714 1106 763 egregius
1135 712 1210 750 hac
1238 712 1287 751 de
1315 727 1357 751 re
1382 715 1496 752 eice-

8 814 13 819 .
38 766 144 804 ronis
170 765 438 811 locusexstat
463 767 505 802 in
534 767 711 803 oratione
735 779 806 817 pro
830 769 873 805 L.
897 768 1075 806 Cornelio
1096 768 1236 809 Balbo.
1290 771 1334 806 in
1366 771 1495 808 Grae-

38 822 116 869 cis,
145 822 296 874 inquit,
325 820 551 859 civitatibus
574 823 751 859 videmus
771 823 942 860 Athenis
962 823 1142 862 Rhodios
1159 825 1493 864 Lacedaemonios

36 884 282 929 caeterosque
309 877 485 929 undique
512 877 703 924 adscribi,
732 879 1025 932 multarumque
1047 895 1127 918 esse
1147 882 1296 919 eosdem
1316 880 1490 920 homines

35 934 254 972 civitatum.
310 933 419 972 idem
458 934 646 972 Archiam
684 943 844 986 poetam
882 935 1176 989 adscripticium
1214 939 1340 975 civem
1374 946 1490 977 vocat

35 997 76 1028 et
114 991 326 1028 Heracleae
365 989 606 1042 adscriptum
643 993 766 1030 fuisse
803 994 869 1030 ait.
924 992 999 1031 hoc
1038 994 1126 1032 loco
1162 994 1282 1044 igitur
1314 995 1488 1046 simplex

33 1043 202 1098 γράφειν
234 1046 341 1084 idem
370 1054 429 1084 est
460 1055 576 1099 atque
605 1051 909 1101 πολιτογραφεῖν
938 1063 1008 1086 seu
1038 1051 1081 1086 in
1109 1051 1306 1087 civitatem
1333 1051 1486 1087 adseri-

34 1102 135 1142 bere.
189 1101 285 1140 hinc
331 1116 489 1155 quoque
538 1104 768 1155 corrigenda
816 1112 875 1142 est
921 1107 1061 1143 Latina
1104 1107 1231 1144 versio
1272 1105 1486 1158 Hesychii:

32 1159 177 1197 frustra
215 1160 322 1196 enim
360 1161 444 1196 eius
472 1161 663 1210 interpres
694 1161 898 1211 antiquam
926 1170 965 1198 et
990 1163 1206 1211 genuinam
1236 1161 1379 1200 codicis
1410 1163 1486 1201 Pa-

31 1216 147 1252 latini
188 1216 399 1253 lectionem
440 1216 625 1253 sollicitat
662 1223 701 1254 et
738 1229 810 1266 pro
849 1214 1080 1268 γραφέντων
1114 1217 1326 1267 legendum
1353 1226 1486 1256 censet

3 1270 272 1323 ’τραφέντων.
329 1271 438 1318 idem
477 1271 626 1309 ibidem
665 1279 827 1310 annotat
863 1274 1087 1314 Timesium
1123 1272 1230 1310 hunc
1258 1273 1381 1311 fuisse
1409 1288 1483 1325 pa-

31 1335 132 1365 trem
170 1328 378 1366 Pescennii
414 1329 546 1379 Nigri,
594 1329 663 1379 qui
698 1341 790 1365 cum
818 1329 964 1367 Severo
995 1328 1043 1366 de
1067 1330 1237 1381 >imperio
1268 1327 1482 1368 dimicavit.

31 1383 101 1422 sed
140 1392 417 1436 praeterquam
454 1383 561 1436 quod
599 1397 653 1421 ex
690 1385 805 1422 Aelio
842 1385 1052 1436 Spartiano
1091 1392 1130 1422 et
1166 1386 1292 1422 Dione
1330 1393 1483 1425 constat

29 1442 295 1478 Pescennium
332 1442 499 1492 Nigrum
533 1441 679 1478 Italum
707 1441 830 1479 fuisse
862 1449 901 1478 et
927 1448 1080 1492 patrem
1105 1440 1292 1479 habuisse
1319 1443 1482 1480 Annum

28 1497 221 1546 Fuscum,
262 1504 433 1535 matrem
456 1510 549 1535 vero
575 1497 866 1548 Lampridhm,
906 1499 970 1535 vel
998 1498 1082 1535 sola
1112 1497 1298 1534 distantia
1325 1505 1481 1550 tempo-

29 1566 138 1602 rum,
186 1554 328 1606 quibus
364 1554 573 1602 vixerunt,
620 1553 739 1591 errori
777 1551 996 1603 detegendo
1034 1553 1199 1601 sufficit,
1251 1554 1345 1606 quia
1382 1556 1480 1592 alter

27 1610 192 1648 Graecia
218 1611 488 1648 Romanorum
516 1611 725 1649 consulum
753 1611 873 1646 armis
902 1608 1080 1647 nondum
1107 1610 1313 1659 subiugata
1337 1611 1478 1659 floruit,

28 1667 127 1704 alter
163 1673 299 1704 autem
336 1667 487 1718 aliquot
522 1674 679 1704 centum
718 1668 829 1702 annis
858 1672 947 1716 post
975 1665 1121 1703 Severo
1150 1666 1375 1716 imperatori
1403 1668 1479 1705 fuit

27 1729 272 1760 coaetaneus.
329 1723 466 1763 Imm.

135 1802 175 1840 p.
206 1789 257 1828 11,
288 1800 326 1828 v.
354 1791 395 1830 2.
450 1784 547 1838 πρὸς
587 1788 642 1840 τῷ
679 1784 875 1841 λεγομένῳ
913 1781 1147 1841 Ἐφεσιάτῃ]
1194 1788 1235 1824 in
1269 1801 1349 1827 uno
1387 1789 1475 1828 cod.

25 1844 111 1885 Vat.
146 1845 294 1895 legitur
330 1841 431 1895 πρός
457 1840 526 1883 τὸν
553 1839 765 1894 λεγόμενον
794 1838 1037 1893 ἐφαστοὶτην,
1078 1844 1119 1880 iu
1157 1845 1235 1882 alio
1265 1842 1473 1897 ἔφεσᾶτην.

22 1899 124 1938 mihi
172 1899 337 1938 dubium
379 1912 460 1937 non
504 1906 561 1937 est
598 1900 694 1950 quin
731 1899 841 1936 locus
876 1898 1102 1937 nominatus
1137 1895 1372 1953 Ἐφεσιάτης
1409 1904 1474 1940 vel

20 1952 228 2008 Ἐφεσίτης
262 1957 372 1994 idem
410 1956 461 1994 sit
498 1962 614 2007 atque
651 1961 786 2005 portus
821 1952 1104 2005 Ephesiorum,
1143 1958 1253 1995 cuius
1289 1960 1473 1996 meminit

22 2014 235 2065 Dionysius
263 2013 476 2065 Byzantius
504 2010 566 2049 his
595 2012 745 2059 verbis,
786 2011 893 2063 εἴπερ
929 2008 1006 2063 ἄρα
1036 2015 1117 2052 τῶν
1144 2015 1320 2065 γνησίων
1349 2015 1468 2054 εἰσίνι

20 2068 103 2115 his,
140 2069 290 2122 inquit,
329 2077 420 2106 ante
455 2068 762 2105 commemoratis
796 2067 890 2104 locis
911 2070 1115 2118 proximus
1141 2070 1311 2106 succedit
1338 2070 1470 2107 Phos-

18 2125 169 2175 phorus
201 2127 328 2171 locus,
365 2127 435 2177 qui
469 2125 535 2162 vel
567 2138 594 2161 α
631 2124 772 2160 Diana
806 2123 871 2160 vel
901 2137 927 2160 α
962 2126 1094 2162 vicina
1131 2126 1298 2176 antiqua
1330 2126 1469 2163 Pharo

22 2195 234 2232 cognomen
270 2184 400 2221 traxit.
458 2182 551 2218 huic
588 2180 820 2217 adiunctum
855 2186 892 2216 et
927 2183 1124 2218 continens
1161 2181 1325 2232 longum
1356 2181 1468 2219 littus

21 2245 203 2275 vocatum
230 2238 491 2288 Ephesiorum
522 2243 577 2273 est
596 2243 754 2286 portus,
795 2249 822 2272 a
850 2236 983 2274 multis
1010 2237 1178 2275 navibus
1207 2238 1467 2288 Ephesiorum

21 2293 100 2331 huc
127 2294 319 2344 appulsis.
376 2293 446 2333 sed
475 2294 614 2345 procul
644 2292 763 2329 dubio
792 2292 848 2329 ibi
876 2294 1124 2331 scribendum
1155 2300 1233 2331 estz
1269 2294 1361 2331 huic
1388 2293 1467 2331 ad-

21 2351 199 2388 iunctum
228 2357 284 2387 est
310 2353 509 2388 continens
537 2351 701 2400 longum
727 2348 839 2385 littus
866 2357 903 2386 et
923 2358 1062 2400 portus
1090 2357 1250 2387 vocatus
1275 2350 1468 2399 Ephesio-

19 2420 121 2447 rum.
179 2407 392 2445 verisimile
421 2409 527 2445 enim
555 2413 614 2444 est
641 2405 820 2456 Dionysii
843 2403 941 2443 haec
963 2409 1082 2445 verba
1105 2407 1147 2443 in
1172 2405 1279 2444 hunc
1303 2405 1468 2444 modum

21 2463 169 2501 Graece
207 2471 394 2515 concepta
433 2464 575 2501 fuisse:
621 2461 750 2502 ἔπειτα
787 2459 980 2515 προσεχής
1020 2462 1059 2503 τὲ
1096 2462 1175 2502 ἐστι
1213 2462 1280 2501 καὶ
1318 2460 1467 2515 μακρὸς

23 2517 195 2571 αἰγιαλὸς
220 2519 286 2560 καὶ
314 2518 335 2559 ὁ
359 2516 480 2571 λιμήν
509 2518 533 2559 ὅ
560 2514 801 2568 καλούμενος
825 2514 1028 2570 Ἐφεσίτης
1056 2520 1122 2556 vel
1152 2521 1228 2558 τῶν
1250 2513 1465 2568 Ἐφεσίων.

21 2575 196 2614 similiter
236 2578 317 2614 fere
356 2576 519 2624 Strabo,
572 2574 620 2611 de
659 2575 789 2611 littore
824 2576 965 2613 Latino
1005 2578 1192 2627 loquens,
1241 2573 1372 2614 ἔπειτα
1408 2575 1465 2612 ait

20 2628 212 2682 προσεχής
246 2632 287 2672 τέ
322 2631 402 2674 ἐστι
438 2631 506 2671 καὶ
545 2627 748 2682 ἀλίμενος,
785 2629 886 2684 πρὸς
922 2627 1027 2685 αὐτῷ
1056 2629 1175 2681 μόνον
1202 2633 1259 2685 τῷ
1284 2631 1461 2686 Κιρκαίῳ

19 2684 193 2736 λιμένων
228 2687 339 2740 ἔχων.
395 2690 493 2726 item
520 2689 547 2727 l.
577 2686 625 2736 4,
665 2687 733 2724 ubi
760 2689 840 2738 agit
870 2687 918 2725 de
947 2702 1013 2725 ora
1044 2688 1262 2737 Ligustica,
1303 2694 1342 2725 et
1367 2700 1456 2740 pas-

20 2742 96 2779 sim
146 2743 252 2784 alibi.
307 2744 384 2784 hoc
423 2751 623 2797 praeterea
662 2744 878 2782 notandum
917 2751 998 2791 est,
1047 2750 1205 2795 portum
1245 2745 1459 2798 antiquitus
