1754 2990
355 132 578 177 BREVES
613 133 883 178 ENARRAT.
921 133 1247 182 GHRONOGR.
1363 175 1369 178 .
1431 140 1529 186 179

204 252 271 296 Ἐν
310 256 370 312 τῷ
410 256 496 297 Βοῖ·
530 260 607 298 τοῦ
646 257 953 302 Κωνσταντίνου
991 257 1181 317 φωσάτον
1216 262 1529 320 παρεσκευάσθη

68 320 256 376 μέγιστον
263 352 278 373 ,
311 322 378 364 καὶ
410 321 586 376 πόλεμον
618 324 728 384 αὐτῷ
759 325 895 379 Βύζας
924 327 1199 386 παρετάξατο,
1234 332 1300 373 καὶ
1324 331 1530 376 ἀπέθανον

61 387 270 444 “Έλληνες,
305 387 362 440 ὥς
391 388 414 433 ὅ
438 390 660 448 Σωκράτης
684 396 828 450 φησίν,
865 396 986 439 εἰκοσι
1006 396 1196 452 χιλιάδες.
1262 401 1452 458 παρευθύ
1483 403 1530 445 δὲ

69 458 112 499 ἓν
142 461 203 516 τῷ
232 458 462 515 αὐτῷ’Βοῖ·
484 461 658 518 σταυρὸς
691 462 866 520 ἀργυρὸς
890 467 1187 522 κεχρυσωμένος
1208 467 1425 524 ἔτυπώθη,
1460 473 1527 514 καὶ

32 527 372 570 5Κωνοταντίνου
418 530 486 570 καὶ
527 527 688 585 Ἑλένης
731 530 874 582 εἰκόνες
882 564 896 583 ,
942 534 1182 594 ἀμφοτέρων
1219 536 1263 579 αἱ
1290 543 1423 596 χεῖρες
1455 539 1526 582 τὸν

64 595 238 652 σταυρὸν
275 595 536 650 κατέχουσαι,
572 601 691 655 φησί,
724 603 804 642 τῶν
837 601 1083 646 θεοὸούλων.
1541 611 1572 645 Ε

189 661 280 706 ’Ότι
313 665 364 707 τὰ
398 664 590 721 λεγόμενα
623 666 830 725 Κοντάρια
852 671 997 726 βίγλαν
1022 669 1124 726 εἶχον
1150 673 1225 722 ἕως
1246 671 1314 728 ἔτη
1340 671 1387 725 ζ’.
1456 677 1523 716 καὶ

65 731 105 771 ἓν
139 731 251 789 αὐτῷ
280 736 339 790 τῷ
371 731 481 792 τόπῳ
514 732 687 789 πόλεμος
720 738 792 787 ἕως
825 737 891 793 ἴτη
921 736 977 792 β’.
1045 741 1114 782 καὶ
1135 740 1232 790 ναὸς
1256 739 1432 784 εῗδῶλων
1452 760 1523 796 μι-

63 797 160 855 κρὸς
190 799 316 852 πάνυ,
352 799 398 842 ὃν
419 801 553 858 ἔλεγον
577 805 620 844 Γ
617 808 765 860 αληνοῧ
789 805 905 848 εἶναι·
941 806 986 850 ὃν
1008 808 1195 851 καθελὼν
1218 810 1525 861 Κωνσταντΐνος

9 871 56 907 10
65 870 136 922 τῆς
156 866 353 911 θεοτόκου
377 867 484 912 οἶκον
507 870 710 931 ἀνήγειρε,
746 876 813 916 καὶ
837 873 979 918 ἑαυτὸν
1004 875 1228 935 ἐγχαράξας
1251 879 1319 920 καὶ
1340 877 1415 933 τὴν
1436 896 1517 934 μη-
1541 888 1572 922 F

60 935 158 991 τέρα
194 938 260 978 καὶ
290 936 444 991 Ἰησοῦν
474 942 542 982 καὶ
568 941 642 996 τὴν
665 944 870 999 παρθένον
891 945 1165 1002 πανηγυρικὰς
1186 945 1330 1003 ἑορτὰς
1352 947 1520 990 ἐπετέλει

61 1003 134 1054 ἕως
155 1001 308 1061 ἡμέρας
333 1004 399 1058 ιβ’.

190 1073 258 1114 Ἔν
272 1132 275 1134 μ
289 1075 373 1124 τοῖς
394 1077 623 1130 Βιγλεντιόυ
646 1075 822 1134 ὑπῆρχεν
845 1076 871 1132 ἦ
896 1077 1132 1137 ὀχυρωτάτη
1155 1082 1275 1137 βίγλη
1298 1084 1516 1126 Κωνσταν-
1542 1096 1572 1130 Ρ
1594 1095 1640 1132 98

60 1140 168 1182 τίνου
181 1171 194 1191 ,
228 1140 280 1196 ἣν
303 1142 382 1198 πρὸ
406 1147 478 1197 τῆς
501 1144 695 1195 ὀπτασίας
731 1149 825 1200 [τῆς
846 1152 919 1189 τοῦ
945 1153 1125 1204 σταυροῦ
1150 1150 1238 1204 ἐπὶ]
1273 1155 1346 1206 τῆς
1367 1149 1521 1202 πόλεως

4 1211 48 1247 15
60 1207 244 1263 ἔστησεν·
279 1211 364 1252 ἐκεῖ
390 1210 490 1266 γάρ,
526 1210 581 1261 ὥς
615 1211 769 1268 ἔλεγον,
805 1216 872 1255 καὶ
905 1214 976 1256 τὸν
1011 1216 1185 1272 σταυρὸν
1220 1221 1311 1274 περὶ
1351 1221 1520 1261 δειλινὸν

57 1275 394 1334 ὃφθαλμοφανῶς
425 1278 636 1322 ἐθεάσατο.
706 1283 746 1322 ἓν
771 1281 882 1339 αὐτῷ
904 1283 948 1324 δὲ
970 1286 1028 1340 τῷ
1048 1281 1158 1341 τόπῳ
1180 1290 1265 1334 τοῖς
1287 1288 1517 1341 Βιγλεντίου

59 1347 239 1402 Σευῆρος
261 1347 303 1386 Γ
299 1345 419 1398 άζους
441 1346 680 1405 κατῴκισεν,
707 1348 778 1398 οὓς
799 1351 866 1391 καὶ
888 1349 1119 1405 πολεμήσας
1141 1353 1374 1406 Μαξιμΐνος
1391 1371 1518 1411 στρα-

55 1412 176 1467 τηγὸς
205 1415 512 1458 Κωνσταντίνού
547 1413 640 1458 ὥσεὶ
673 1416 777 1460 ὀκτώ
802 1415 994 1472 χιλιάδας
1025 1418 1262 1462 ἀπέκτεινεν.
1329 1424 1395 1464 καὶ
1426 1422 1516 1466 τότε

57 1481 96 1522 οἳ
127 1484 258 1523 λοιποὶ
291 1481 539 1537 καταβάντες
569 1488 650 1526 τῶν
680 1486 814 1527 ἵππων
845 1488 912 1528 καὶ
944 1486 994 1529 τὰ
1029 1489 1124 1544 ξίφη
1156 1486 1397 1541 κλάσαντες,
1431 1498 1516 1541 τοῖς

0 1551 150 1592 ωποσὶ
181 1552 417 1606 Μαξιμίνου
449 1551 810 1608 ἔγκυλινόούμενοι,
845 1556 1045 1612 σωτηρίας
1066 1562 1196 1610 τυχεῖν
1220 1557 1411 1600 ἱκέτευον·
1447 1561 1514 1601 καὶ

53 1615 239 1671 τυχόντες
282 1621 326 1662 ἐκ
365 1625 446 1664 τῶν
486 1622 597 1663 ἰδίων
631 1621 1005 1680 χαλκουργημάτων
1038 1625 1328 1683 Κωνσταντίνῳ
1362 1619 1510 1682 στήλην
1531 1644 1561 1677 B

54 1685 258 1730 ἀνέθεντο.

184 1755 251 1796 Ἔν
274 1759 331 1812 ‘ng'
355 1753 470 1813 φόρῳ
494 1755 536 1809 μ’
560 1754 716 1813 ἡμέρας
739 1759 1042 1808 Κωνσταντΐνος
1064 1757 1268 1814 ἐδοξάσθη
1290 1762 1359 1802 καὶ
1383 1761 1510 1818 εὔφη·

188 1948 229 1982 In
262 1947 485 1982 Constantini
515 1949 612 1983 Bove
645 1950 820 1983 maximum
853 1950 1063 1986 commissum
1092 1951 1258 1998 praelium
1291 1960 1361 1991 est:
1399 1956 1506 1989 aciem

52 1999 174 2028 contra
194 1994 285 2028 illum
308 1995 475 2028 instruxit
498 1995 633 2038 Byzas,
657 1996 736 2037 ubi,
762 2001 927 2029 narrante
949 1996 1109 2041 Socrate,
1144 1999 1358 2032 Graecorum
1381 2001 1506 2044 viginti

50 2041 142 2075 milia
165 2040 375 2075 ceciderunt.
422 2041 609 2085 statimque
632 2042 667 2074 in
690 2041 809 2076 eodem
831 2042 908 2086 ipso
931 2042 1028 2077 Bove
1051 2055 1135 2077 crux
1154 2050 1319 2088 argentea
1340 2046 1506 2079 deaurata

50 2088 210 2120 confecta
243 2092 316 2129 est,
354 2098 485 2120 necnon
519 2098 695 2121 servorum
728 2087 784 2121 dei
818 2088 1040 2123 Constantini
1074 2094 1111 2124 et
1142 2089 1296 2124 Helenae
1327 2091 1503 2135 imagines,

51 2143 185 2166 crucem
209 2133 363 2166 manibus
387 2133 667 2178 complectentes.

189 2178 373 2221 Contaria,
409 2183 448 2212 ut
480 2184 623 2221 vocant,
659 2178 823 2212 excubias
846 2179 889 2212 ad
914 2189 1020 2214 annos
1041 2185 1172 2225 septem
1199 2180 1411 2221 habuerunt,
1446 2192 1503 2214 eo-

50 2223 198 2267 demque
225 2224 300 2257 loco
332 2225 374 2258 ad
407 2225 579 2258 biennium
608 2223 731 2258 bellum
755 2229 887 2268 gestum
911 2225 991 2260 fuit.
1037 2231 1112 2260 erat
1135 2226 1300 2259 idolorum
1325 2226 1503 2261 delubrum

51 2268 232 2313 exiguum,
269 2270 359 2314 quod
394 2270 546 2304 Gallieni
581 2281 657 2303 esse
691 2269 864 2304 dicebant.
910 2281 978 2316 quo
1009 2272 1122 2306 diruto
1154 2272 1402 2305 Constantinus
1430 2272 1504 2305 dei-

50 2325 158 2368 parae
193 2315 311 2348 aedem
345 2316 528 2360 excitavit,
563 2327 708 2360 seseque
740 2326 814 2349 cum
838 2320 946 2350 matre
965 2317 1113 2363 Iesuque
1137 2329 1178 2352 ac
1201 2318 1344 2363 Virgine
1370 2329 1502 2351 nummo

49 2360 245 2406 insculpens
268 2360 360 2394 festa
382 2362 519 2406 publica
542 2362 664 2395 diebus
687 2361 865 2395 duodecim
886 2362 1086 2398 celebravit.

186 2406 240 2440 Ad
272 2406 451 2451 Viglentia
476 2407 707 2442 validissimae
731 2411 831 2440 erant
852 2407 1068 2443 Constantini
1093 2409 1279 2450 excubiae,
1313 2419 1397 2452 quas
1421 2414 1502 2443 ante

51 2451 164 2485 erucis
197 2452 365 2486 visionem
397 2453 431 2486 in
464 2454 548 2487 urbe
580 2453 730 2487 habitam
762 2452 907 2487 locavit:
942 2467 1018 2489 nam
1043 2455 1135 2497 illic,
1167 2462 1205 2488 ut
1233 2455 1360 2491 fertur,
1397 2453 1500 2488 etiam

51 2507 185 2531 crucem
218 2497 305 2543 ipsis
337 2498 443 2533 oculis
475 2499 568 2532 circa
600 2510 780 2543 vesperam
812 2501 1000 2544 conspexit.
1047 2501 1164 2534 eodem
1196 2510 1334 2544 quoque
1359 2500 1433 2532 loco
1457 2500 1499 2533 ad

0 2567 1 2579 ,
51 2542 228 2586 Viglentia
258 2544 411 2578 Severus
446 2545 593 2578 Gazaeis
624 2545 720 2578 sedes
746 2549 781 2577 et
804 2544 1001 2580 domicilium
1025 2546 1314 2590 praescripserat3
1354 2545 1389 2577 in
1413 2555 1499 2590 quos

0 2588 2 2608 ¹
52 2585 222 2623 instructo
256 2589 347 2623 bello
379 2590 583 2624 Maximinus
613 2589 832 2624 Constantini
863 2593 1035 2626 exercitus
1066 2592 1134 2625 dux
1166 2591 1264 2634 quasi
1296 2596 1373 2624 octo
1405 2590 1500 2625 milia

53 2639 168 2668 eorum
208 2636 370 2669 concidit.
428 2641 497 2670 tum
533 2636 657 2681 reliqui
692 2636 790 2680 equis
826 2637 1044 2680 exsilientes,
1089 2636 1344 2681 confractisque
1376 2635 1498 2681 gladiis

52 2677 231 2713 Maximini
262 2682 406 2725 pedibus
439 2682 612 2726 advoluti,
650 2682 755 2714 vitam
778 2684 949 2727 supplices
972 2682 1149 2729 deprecati
1171 2681 1331 2727 nactique
1352 2694 1396 2717 ex
1416 2693 1497 2729 pro·

53 2723 130 2767 prio
154 2734 322 2760 armorum
345 2739 425 2761 aere
449 2733 599 2762 statuam
623 2727 849 2762 Constantino
899 2741 1034 2763 osuere.

187 2769 227 2803 In
257 2771 332 2805 foro
360 2773 608 2808 Constantinus
629 2784 693 2819 per
718 2774 942 2820 quadraginta
966 2775 1039 2808 dies
1061 2773 1183 2808 faustis
1205 2773 1316 2819 plebis
1339 2779 1495 2807 senatus-
