1708 3022
632 143 958 187 DEDIGATIO.
1461 157 1527 187 vn

67 301 123 327 ex
165 286 219 326 iis
260 291 356 326 sunt
393 297 494 339 quas
538 296 631 323 cum
673 285 865 324 omnibus
899 282 1079 324 reruditis
1115 296 1358 324 communes
1392 285 1527 325 habeo

69 381 231 418 causas,
291 381 362 407 cur
423 366 520 407 Tibi
576 366 861 423 potissimum,
923 366 1260 408 Eminentissime
1318 366 1528 424 Princeps,

68 448 261 507 quicquid
306 451 388 490 hoc
434 457 476 490 et
516 451 796 506 qualecunque
839 457 902 490 est
943 451 1060 502 libri,
1107 450 1254 491 merito
1294 463 1341 490 ac
1382 451 1529 490 lubens

69 547 325 573 consecrem:
361 535 529 590 insuper
558 547 660 574 vero
695 533 796 572 alias
830 534 981 574 multas
1014 533 1206 590 privatim
1239 533 1394 584 habeo,
1429 546 1530 587 quas

68 614 315 656 domesticas
357 618 565 673 appellare
605 616 741 666 lubet3
789 628 940 670 easque
975 623 1087 656 tanto
1122 617 1291 657 caeteris
1324 615 1532 668 graviores

67 698 260 738 existimo
308 706 457 753 quanto
499 698 787 740 vehementius
825 696 1063 753 ἀχαριστίας
1097 699 1252 757 crimen
1285 698 1422 739 subire
1455 711 1530 739 ve-

67 794 172 821 reor.
239 781 393 823 etenim
434 782 634 839 repetenti
676 781 783 822 mihi
828 782 1073 822 memoriam
1114 782 1251 823 omnis
1293 781 1382 821 eius
1424 789 1531 821 tem-

66 863 179 919 poris
214 862 325 918 quod
360 863 590 905 studiorum
626 877 747 905 causa
783 866 936 905 exteris
967 865 1203 918 regionibus
1238 861 1532 920 perlustrandis

66 945 273 1003 impendi,
317 947 393 987 vix
434 948 544 988 ullus
587 947 762 988 occurrit
801 947 891 989 dies
926 947 998 1003 qui
1034 947 1228 1000 singulari
1263 947 1402 1002 aliquo
1438 945 1531 986 Tuo

67 1028 111 1068 in
145 1043 214 1069 me
248 1030 397 1069 collato
429 1030 630 1071 beneficio
663 1045 747 1071 non
780 1031 835 1072 sit
866 1030 1074 1071 notabilis.
1141 1029 1430 1070 advenientem
1463 1042 1532 1069 me

67 1111 247 1168 primum
280 1111 484 1152 Lutetiam
517 1114 814 1154 humanissime
848 1127 923 1170 per
958 1127 1031 1154 eos
1063 1113 1134 1168 qui
1162 1121 1251 1152 tum
1279 1114 1401 1153 rebus
1430 1112 1533 1153 Tuis

70 1193 239 1246 agendis
282 1195 342 1235 ibi
385 1203 595 1250 praeerant
639 1197 775 1252 excipi
823 1196 984 1237 curasti.
1052 1210 1156 1236 mox
1196 1196 1287 1251 ipse
1332 1195 1532 1248 Lugduno

69 1289 260 1317 reversus
294 1276 534 1332 participem
567 1290 636 1316 me
670 1277 807 1317 fecisti
840 1290 1029 1327 mensae,
1067 1276 1272 1316 admisisti
1300 1278 1407 1318 inter
1435 1279 1535 1318 inti-

70 1371 185 1407 mos3
230 1364 272 1397 et
304 1365 348 1416 ut
382 1359 524 1413 paucis
560 1359 701 1399 omnia
734 1359 1002 1413 complectar,
1043 1366 1157 1399 tanto
1193 1373 1262 1399 me
1294 1367 1534 1416 prosecutus

71 1453 116 1480 es
159 1439 309 1479 affectu
353 1447 399 1479 ut
438 1441 641 1481 maiorem
685 1441 736 1480 ab
778 1423 983 1482 arunculo
1026 1455 1111 1481 non
1154 1441 1384 1497 potuissem
1422 1441 1534 1482 desi-
1581 1452 1593 1464 ·

71 1521 225 1562 derare.
294 1521 469 1562 eandem
492 1523 825 1565 benevolentiam
849 1522 1011 1564 Romae
1037 1531 1182 1581 postea
1209 1531 1402 1580 expertus
1430 1538 1536 1574 sum,

71 1605 143 1645 ubi
182 1604 387 1657 integrum
430 1605 643 1646 biennium
686 1607 731 1646 in
771 1608 866 1646 aula
908 1605 1001 1647 Tua
1043 1607 1315 1648 commoranti
1348 1607 1454 1658 mihi
1488 1620 1566 1647 ea¹

69 1685 244 1729 videndi
286 1689 417 1728 multa
464 1696 506 1746 et
550 1687 738 1730 discendi
779 1690 860 1730 fuit
906 1689 1090 1741 occasio,
1145 1697 1190 1730 ut
1233 1703 1331 1731 vere
1373 1690 1538 1742 gloriari

71 1770 231 1828 possim
262 1773 357 1827 plus
391 1785 461 1812 me
491 1772 534 1812 in
567 1773 661 1813 luce
693 1773 765 1813 illa
796 1780 838 1813 et
865 1773 1036 1829 strepitu
1065 1772 1199 1813 aulico
1228 1786 1351 1827 quam
1378 1773 1422 1812 in
1448 1774 1536 1813 ullo

72 1853 318 1894 Academiae
351 1868 516 1895 recessu
547 1862 588 1896 et
616 1857 760 1896 umbra
787 1856 1027 1913 profecisse.
1094 1869 1283 1897 reversus
1313 1854 1464 1896 deinde
1494 1856 1539 1895 in

75 1935 255 1978 Galliam
304 1935 546 1978 incredibile
598 1946 829 1979 memoratu
876 1947 939 1980 est
983 1947 1176 1995 quantam
1224 1953 1279 1979 ex
1324 1952 1538 1978 commen-

75 2018 240 2060 datione
283 2018 375 2060 Tua
418 2034 511 2060 cum
554 2021 646 2061 aliis
686 2022 828 2062 multis
869 2020 974 2062 locis
1014 2022 1234 2062 utilitatem
1269 2021 1537 2078 perceperim,

74 2109 163 2142 tum
199 2115 300 2142 vero
334 2102 522 2159 inprimis
561 2102 758 2154 Tolosae,
794 2103 908 2145 cuius
935 2104 1047 2145 urbis
1074 2104 1376 2144 illustrissimus
1402 2103 1537 2143 archi-

76 2184 294 2240 episcopus
339 2183 420 2224 Dn.
467 2183 637 2226 Carolus
678 2185 731 2226 de
764 2185 998 2236 Montchal,
1047 2185 1112 2227 vir
1154 2187 1379 2228 sanctitatis
1413 2187 1537 2227 simul

77 2274 118 2306 et
141 2264 391 2322 ’prudentiae
425 2274 466 2306 et
500 2267 741 2309 eruditionis
769 2269 1018 2318 rarissimae,
1059 2269 1274 2310 continuos
1301 2278 1393 2310 octo
1420 2283 1539 2308 men-

79 2362 144 2389 ses
186 2349 231 2388 in
277 2349 429 2404 palatio
473 2364 548 2391 suo
592 2353 686 2407 plus
731 2364 853 2406 quam
886 2360 1055 2409 paterna
1088 2351 1334 2391 liberalitate
1371 2359 1411 2391 et
1446 2363 1539 2389 cura

78 2444 146 2470 me
189 2431 390 2473 tractavit.
456 2434 573 2488 plura
617 2434 706 2474 eius
743 2434 902 2486 generis
935 2432 1089 2475 addere
1121 2433 1415 2475 inconveniens
1450 2445 1541 2472 esse

81 2511 203 2552 credo
257 2521 298 2554 et
348 2515 621 2570 superfluum,
675 2523 764 2556 tum
809 2515 919 2571 quod
963 2517 1054 2572 ipsa
1098 2517 1200 2555 haec
1246 2514 1540 2554 beneficiorum

80 2596 331 2636 enumeratio
376 2597 515 2637 nescio
559 2597 659 2653 quid
700 2596 890 2638 videatur
931 2599 1081 2638 habere
1124 2597 1302 2638 levitatis
1347 2603 1386 2635 et
1427 2610 1539 2636 arro-

81 2677 259 2726 gantiae,
307 2686 396 2718 tum
439 2679 534 2733 quia
578 2681 648 2719 vel
692 2693 746 2720 ex
785 2680 958 2720 minimo
994 2693 1138 2720 eorum
1174 2691 1276 2731 quae
1311 2678 1395 2718 iam
1432 2678 1539 2717 dicta

80 2767 172 2797 sunt
215 2762 311 2800 satis
356 2774 556 2816 superque
601 2763 752 2811 elucet,
803 2770 949 2815 quanta
997 2759 1257 2811 obligationis
1296 2761 1539 2800 necessitate
