1754 2990
456 125 530 166 AD
567 124 827 169 CODINUM
859 126 1062 170 NOTAE.
1383 128 1482 176 263

33 242 128 281 satis
166 240 269 280 mihi
305 249 470 283 constat.
527 249 726 281 caeterum
764 244 943 283 Urbicius
981 245 1190 298 patricius,
1238 246 1287 285 de
1323 261 1401 301 quo
1437 251 1479 288 in

32 301 257 350 praesentia
291 297 464 338 eodinus
498 299 692 350 loquitur,
734 301 767 338 is
805 308 864 339 est
900 303 1008 340 cuius
1038 299 1276 356 ἐπιτήδευμα
1303 306 1386 344 sive
1413 307 1480 343 in-

33 362 198 393 ventum
234 356 419 393 tacticum
456 368 479 393 a
513 357 598 395 Nic.
631 357 801 406 Rigaltio
831 357 979 396 editum
1008 366 1079 397 est.
1135 361 1220 411 ipse
1251 362 1355 399 enim
1383 363 1482 400 inibi

30 418 197 450 testatur
223 425 266 450 se
294 412 370 449 ista
400 412 471 450 sub
501 414 709 450 Anastasio
737 414 880 452 Dicoro
908 417 1129 466 scripsisse:
1157 416 1223 456 καὶ
1244 419 1390 466 τελεία,
1416 419 1482 455 111-

30 469 138 520 quit,
167 470 246 508 νῦν
273 466 379 507 ἔσται
409 483 502 519 μετα
531 465 795 520 Ἀρχιμήδους
822 467 957 522 κοῖμοῦ
985 472 1128 523 σοφία,
1162 471 1226 512 ἐπὶ
1252 477 1324 513 τοῦ
1348 477 1482 514 καλλι-

29 525 146 564 νίκου
175 523 244 564 καὶ
275 519 564 577 αυτοκροῖτορος
591 523 707 575 ημῶν
730 522 1003 567 Ἀναστασίου.
1061 527 1168 565 idem
1199 529 1292 566 alibi
1321 538 1481 568 vocatur

28 580 226 627 Orbicius‚
270 587 314 617 ut
351 581 394 616 in
431 581 704 632 Etymologico
742 595 908 633 magno,
950 584 1016 621 ubi
1047 586 1187 622 citatur
1212 585 1480 637 fragmentum

26 634 70 676 ἐκ
98 651 179 676 των
205 631 407 687 Ὀρβικίου
427 640 516 676 ’τῶν
543 637 632 688 περὶ
662 635 706 678 ‘co'
731 637 949 691 στράτευμα
970 637 1128 688 τάξεων.
1186 615 1297 679 itemo
1301 644 1342 679 in
1362 644 1478 681 titulo

24 693 178 743 antiqui
211 693 504 743 epigrammatis
534 706 556 730 a
585 694 780 733 salmasio
810 696 850 731 in
877 698 982 734 notis
1007 696 1056 733 ad
1080 698 1335 748 Spartianum
1359 699 1477 737 editi:

26 748 83 795 εἰς
120 749 261 800 βίβλον
298 764 495 789 τακτικων
529 745 730 801 Ὀρβικίου
769 746 850 791 ἄπο
888 748 1064 792 ὑπατων.
1123 761 1253 792 exstat
1281 753 1478 807 hodieque

23 805 248 842 Florentiae
276 806 318 841 in
345 804 584 843 bibliotheca
613 805 790 845 Medicea
821 809 1021 857 omnium,
1058 816 1102 847 ut
1139 809 1328 860 creditur,
1373 814 1478 863 opti·-

22 873 113 898 mus
143 868 182 898 et
210 861 506 912 antiquissimus
537 861 665 900 codex
694 865 927 914 scriptorum
954 866 1226 915 Tacticorum,
1270 880 1347 919 quo
1373 869 1477 906 inter

24 923 177 954 caetera
216 919 466 955 continentur
503 917 712 957 duodecim
749 921 859 968 libri,
904 921 1046 972 quibus
1085 923 1259 972 praefixa
1292 930 1349 961 est
1377 923 1476 962 haec

21 973 244 1024 inscriptio,
290 969 509 1026 Οὕρβικίου
542 974 724 1014 wanno?-
734 973 982 1029 στρατηγικά.
1039 977 1109 1014 sed
1137 977 1259 1015 iidem
1288 987 1379 1016 sunt
1409 982 1477 1031 qui

22 1030 64 1066 in
103 1030 318 1067 Barberina
357 1037 396 1067 et
435 1031 523 1068 aliis
558 1030 806 1070 bibliothecis
843 1033 915 1070 sub
947 1035 1107 1071 nomine
1139 1036 1372 1087 Μαυρικίου
1401 1035 1477 1074 ha-

19 1085 177 1124 bentur.
233 1087 362 1124 LAMB.

126 1156 174 1211 p.
201 1143 257 1182 77
287 1155 324 1182 v.
352 1143 422 1183 20.
481 1157 528 1181 τα
569 1142 762 1195 καμίνου]
807 1156 924 1194 supra
963 1142 1066 1181 dixit
1102 1157 1142 1196 Ρ.
1175 1144 1228 1187 46
1268 1159 1306 1184 v.
1340 1149 1362 1188 1
1404 1145 1475 1187 τὸν

20 1197 266 1250 καλούμενον
294 1201 424 1247 Βοῦν,
466 1211 536 1236 seu
565 1198 695 1238 forum
724 1206 996 1251 nuncupatum
1025 1201 1168 1247 Boiis,
1206 1201 1299 1239 inde
1328 1216 1474 1240 nomen

20 1253 208 1293 habuisse
244 1254 351 1307 quod
387 1250 577 1306 κάμινος,
615 1257 698 1294 sive
737 1256 882 1293 fornax
921 1257 1045 1293 instar
1082 1258 1194 1295 bovis
1221 1258 1389 1296 formata
1418 1260 1475 1296 ibi

20 1312 211 1350 collocata
254 1318 379 1360 esset,
420 1313 462 1348 in
500 1324 578 1363 qua
615 1313 883 1364 puniebantur
923 1312 1105 1352 malefici.
1167 1315 1342 1351 crederet
1380 1328 1472 1366 ergo

19 1369 108 1420 quis
138 1368 194 1416 εἰς
221 1364 270 1407 τὰ
298 1369 466 1419 καμίνου
495 1367 603 1405 idem
630 1368 695 1406 hic
722 1382 806 1406 esse
833 1375 949 1420 atque
972 1368 1073 1406 illud
1095 1368 1201 1421 quod
1222 1377 1337 1408 antea
1357 1371 1473 1420 dixit,

19 1424 76 1471 εἰς
112 1439 182 1464 τον
217 1420 464 1475 καλουμενον
492 1427 612 1464 Βοῦν.
669 1438 808 1463 verum
836 1426 869 1463 si
896 1438 976 1463 non
1007 1426 1100 1463 satis
1129 1427 1344 1477 probabilis
1375 1427 1474 1465 haec

16 1479 175 1518 videtur
209 1481 452 1530 coniectura,
490 1480 744 1519 scribendum
772 1488 830 1519 est
860 1482 916 1528 εἰς
943 1497 991 1520 τα
1019 1482 1202 1532 καμίνια,
1243 1483 1285 1520 id
1313 1491 1390 1532 est,
1429 1485 1471 1520 in

15 1537 175 1587 regione
188 1536 282 1574 ubi
320 1544 413 1575 sunt
447 1536 625 1575 thermae
667 1551 768 1590 quae
797 1538 1046 1589 appellantur
1080 1537 1274 1576 Caminia.
1331 1539 1380 1576 de
1410 1539 1471 1578 his

14 1591 180 1631 thermis
208 1606 327 1644 supra
357 1607 397 1645 Ρ
426 1595 478 1635 14
507 1607 544 1632 v.
574 1598 599 1636 8
629 1607 715 1646 sqq
748 1595 840 1643 egit.
899 1595 1026 1630 Lm.

125 1660 165 1700 Ρ.
190 1651 245 1690 78
273 1662 308 1686 v.
341 1650 379 1688 1.
438 1646 620 1700 οἴνωτέρω
649 1647 865 1701 ῥηθέντος]
897 1661 936 1697 p.
966 1649 1021 1687 20
1049 1650 1369 1689 v-10-LAMB.

125 1717 166 1755 Ρ.
195 1705 248 1742 79
278 1717 317 1740 v.
347 1706 385 1742 2.
424 1701 640 1769 πρόκενσα
687 1705 864 1739 Graeco·
875 1702 1049 1738 barbaris
1092 1701 1275 1740 dicuntur
1308 1717 1470 1754 proces-

15 1761 142 1796 siones
169 1758 367 1796 solennes:
412 1754 619 1807 ὄψικεύειν
648 1771 762 1806 vero,
793 1764 836 1794 ut
866 1758 963 1795 alias
992 1756 1100 1806 dixi,
1129 1759 1323 1809 significat
1351 1762 1472 1798 comi-

16 1817 95 1853 tari
122 1822 161 1852 et
188 1815 346 1852 honoris
375 1827 496 1851 causa
517 1815 715 1864 prosequi.
774 1815 898 1850 LAMB.

126 1886 165 1923 p.
193 1871 248 1910 79
277 1884 315 1912 v
345 1873 382 1911 2
438 1866 744 1920 Ἀοκαδιανους]
777 1868 999 1906 Cedrenus:
1028 1872 1138 1908 ποιεῖ
1155 1867 1198 1910 δε
1227 1871 1306 1920 (Sc.
1333 1869 1356 1911 ὅ
1378 1869 1469 1924 ’Λο-

14 1925 181 1979 κᾶδιος)
210 1926 277 1966 καὶ
309 1926 414 1966 ἴδιον
443 1923 617 1976 ἀριθμὸν
648 1925 690 1965 ἐν
722 1922 1155 1974 Κωνσταντινουπὸλει,
1186 1923 1256 1974 οὓς
1283 1910 1468 1968 ἐκάλεσεν

11 1979 313 2036 Ἀρκαδιακούς.
377 1989 588 2033 utrumque
626 1994 718 2032 ergo
758 1980 919 2028 dicitur,
956 1977 1215 2032 Ἀρκαδιανός
1252 1989 1290 2019 et
1327 1978 1468 2034 Ἀρπα-

14 2039 167 2089 διακός,
196 2046 240 2077 111
271 2035 600 2086 Κωνσταντιακός
629 2045 667 2075 et
699 2034 1044 2085 Κωνσταντιανός,
1075 2044 1114 2074 et
1141 2036 1404 2085 Θεοδοσιακός
1429 2046 1467 2076 et

16 2093 290 2143 Θεοδοσιανός.
348 2097 474 2133 LAMB.

125 2167 163 2204 p.
189 2153 242 2192 79
271 2165 309 2189 v.
338 2154 403 2191 16.
463 2149 519 2197 εἷς
542 2149 720 2200 Λίμνας]
752 2150 806 2185 ita
836 2146 982 2187 Chron.
1013 2147 1229 2186 Alexandr.
1256 2162 1295 2199 p.
1315 2149 1398 2189 602
1437 2150 1462 2190 5

11 2209 140 2249 Bonn,
198 2206 375 2245 eiusdem
409 2207 581 2244 nominis
611 2212 782 2242 castrum
810 2205 885 2241 fuit
912 2206 954 2242 in
984 2206 1198 2253 Messenia,
1238 2206 1348 2241 cuius
1378 2217 1464 2242 me-

11 2265 129 2301 minit
174 2265 408 2311 Pausanias,
462 2269 499 2299 et
546 2260 653 2298 aliud
696 2263 736 2298 iu
774 2259 1025 2310 Macedonia,
1076 2262 1186 2298 cuius
1223 2262 1464 2298 mentionem

12 2320 107 2357 facit
134 2321 349 2371 Procopius
378 2320 425 2356 cle
452 2318 644 2365 aediliciis
671 2318 700 2358 l.
729 2314 774 2356 4:
819 2316 890 2354 sed
916 2318 971 2355 ibi
1000 2318 1229 2368 ΡΥο-λίμναι
1258 2329 1464 2367 perperam

11 2377 158 2427 legitur
198 2377 370 2426 λιμνααί.
429 2373 682 2425 corrigendus
726 2385 883 2425 quoque
921 2380 979 2411 est
1016 2373 1267 2410 Marcellinus
1307 2373 1461 2421 Comes,

11 2433 82 2470 ubi
110 2431 159 2469 de
187 2433 348 2468 interitu
375 2431 555 2468 Basilisci
584 2430 675 2480 agit.
735 2430 776 2465 in
810 2429 1003 2478 exsilium,
1048 2430 1195 2480 inquit,
1237 2430 1379 2464 missus
1407 2435 1464 2466 est

11 2489 55 2524 in
82 2488 334 2539 oppidulum,
364 2487 471 2538 quod
496 2486 674 2524 Leminis
704 2486 746 2521 in
770 2487 975 2535 provincia
1003 2485 1276 2536 Cappadociae
1299 2485 1460 2529 dicitur,

12 2551 143 2582 trusus
175 2545 295 2595 fame
342 2542 528 2581 extabuit.
605 2542 819 2579 verisimile
857 2549 915 2580 est
952 2555 1022 2593 pro
1059 2543 1236 2578 Leminis
1271 2541 1461 2591 scriptum

15 2601 138 2638 fuisse
166 2601 359 2638 Limnetis
389 2601 471 2637 sive
499 2601 699 2648 λιμνῆτις,
740 2597 847 2649 quod
874 2598 983 2635 idem
1010 2598 1116 2634 valet
1145 2604 1261 2648 atque
1289 2596 1460 2648 λιμναία.

17 2663 213 2694 caeterum
241 2658 309 2694 ubi
337 2662 376 2693 et
405 2653 602 2707 quomodo
631 2654 842 2692 Basiliscus
870 2660 1095 2705 peremptus
1123 2653 1260 2698 fuerit,
1297 2651 1460 2690 dubium

14 2718 73 2748 est
102 2718 141 2748 et
168 2719 470 2750 controversum.
527 2711 594 2747 alii
623 2711 752 2759 enim,
780 2717 823 2748 ut
846 2710 1029 2747 Chronici
1048 2708 1309 2746 Alexandrini
1327 2715 1460 2746 auctor

13 2774 53 2805 et
79 2768 333 2807 Marcellinus
362 2769 504 2807 Comes
532 2773 571 2804 et
599 2764 793 2816 Codinus,
828 2765 988 2804 tradunt
1017 2778 1109 2803 eum
1133 2766 1175 2803 111
1198 2771 1366 2803 castrum
1390 2778 1458 2802 seu
