1754 2990
450 126 524 168 AD
560 123 820 167 CODINUM
852 122 1055 166 NOTAE.
1379 119 1476 165 217

0 287 2 290 ,
30 246 280 295 Iustinianei,
325 251 425 284 teste
467 245 657 282 cedreno.
725 249 809 280 erat
849 250 983 280 autem
1022 240 1089 279 hic
1128 240 1319 278 balneum
1358 240 1479 276 etiam

3 328 5 330 -
32 302 141 342 aliud
167 304 320 351 ιιιίιιιιε,
345 303 390 340 in
419 300 528 354 quod
555 305 686 338 exstat
714 301 958 351 epigramma
982 297 1091 337 istud
1116 297 1274 336 Leontii
1299 293 1480 334 Scholia-

30 362 120 399 stici
148 358 309 398 Anthol.
337 358 366 398 l.
394 356 446 398 4-

197 431 253 468 μη
278 412 442 483 νεμέσα,
474 409 691 462 Ζεύξιππε,
719 411 1023 464 παραντὲλλοντι
1049 412 1213 482 λοετρῷ·

198 469 267 511 καὶ
293 467 466 524 μεγάλην
493 465 591 521 παρ’
619 465 774 535 ἅμαξαν
799 465 992 521 ἑρωτυλος
1014 465 1096 520 ηδν
1122 467 1289 518 φαείνει.
1317 467 1481 504 Mzuns.

141 528 263 579 p-12
288 540 327 566 v-
350 528 419 566 22.
475 523 522 565 τὰ
550 527 629 565 τῶν
657 521 816 577 ἐφόρων
842 523 1113 591 γνωρίσματα]
1142 521 1331 575 Hesychii
1358 524 1483 560 inter—

32 596 123 636 pres
148 596 222 635 pro
249 580 405 635 ἐφόρων
432 581 647 632 legendum
676 594 760 619 esse
787 588 924 619 monet
953 577 1129 631 ἐφόδων,
1168 592 1329 632 eamque
1366 592 1483 617 secu-

32 647 97 678 tus
128 640 411 678 correctionem
438 637 537 676 haec
564 640 620 676 ita
647 639 788 675 Latine
815 639 954 676 vertit:
997 637 1068 674 ubi
1094 638 1310 674 etiamnum
1338 649 1485 673 curva-

34 704 147 734 turae
180 709 414 734 ascensuum
446 695 596 733 indicia
627 693 823 740 exhibent,
857 708 934 745 per
966 695 1186 744 superiora,
1228 706 1330 744 quae
1355 693 1486 729 aeneis

34 752 211 793 obeliscis
248 750 494 791 incumbunt.
560 750 633 789 sed
669 750 901 789 vertendum
939 756 998 787 est
1037 750 1187 802 absque
1225 749 1308 786 ulla
1346 749 1487 786 Graeci

34 815 170 847 textus
203 809 445 847 mutatione:
489 806 559 845 ubi
585 809 801 844 etiamnum
826 814 951 844 metae
977 806 1137 844 deorum
1157 803 1392 856 praesidum
1418 818 1486 841 ex-

34 864 171 903 hibent
208 860 379 910 indieia,
418 877 493 901 ονα
531 865 719 901 nimirum
754 865 886 901 aeneis
922 863 1100 900 obeliscis
1137 862 1333 912 imposita.
1390 873 1486 898 nam

33 935 108 973 per
143 916 336 974 ἐφόρους,
378 918 455 958 hoc
494 927 553 958 est
591 918 791 972 praesides
833 927 872 957 et
910 921 1172 970 inspectores,
1211 918 1487 968 intelliguntur

33 979 236 1025 Dioscuri,
266 977 410 1030 quibus
440 975 613 1014 dicatum
641 977 765 1015 fuisse
793 977 1046 1028 Cpolitanum
1069 973 1377 1026 hippodromum
1401 975 1486 1024 ipse

33 1032 256 1086 Hesychius
293 1033 413 1084 paulo
448 1039 538 1071 ante
567 1033 749 1072 affirmat.
804 1032 976 1084 ideoque
1004 1032 1208 1082 subiungit
1237 1029 1289 1068 ad
1317 1042 1388 1068 sua
1416 1043 1487 1066 us-

35 1103 114 1143 que
141 1097 321 1141 tempora
349 1096 564 1127 castromm
592 1091 648 1127 ibi
674 1090 846 1140 insignia
873 1089 1156 1140 permansisse,
1195 1100 1269 1125 ova
1299 1086 1488 1123 nimirum

35 1159 156 1215 supra
200 1152 328 1184 metas
366 1146 497 1182 aeneis
534 1146 716 1183 obeliscis
750 1147 947 1196 imposita.
1005 1152 1206 1182 caeterum
1242 1149 1334 1195 post
1370 1142 1488 1180 verba

35 1206 119 1251 τοῖς
145 1205 303 1254 χαλκοῖς
330 1198 544 1253 ὀβελίσκοις
573 1201 675 1239 adde
704 1215 757 1239 ex
783 1200 1004 1252 Hesychio‚
1034 1214 1135 1252 quae
1162 1199 1269 1251 apud
1294 1198 1488 1236 Codinum

36 1272 245 1312 perperam
287 1259 432 1296 omissa
475 1264 588 1306 sunt,
632 1256 696 1297 ἐπὶ
735 1255 779 1297 δὲ
815 1253 972 1304 τούτοις
1008 1271 1075 1295 και
1109 1252 1362 1307 στρατιωτικᾶ
1400 1254 1489 1301 τέλη

2 1314 13 1362 f
35 1315 280 1381 προσένειμε
345 1310 602 1367 στρατιωτικὰ
641 1312 732 1364 τέλη
773 1311 839 1350 hic
881 1312 1104 1364 significant
1143 1309 1191 1351 τὰ
1236 1308 1489 1379 στρατιωτικοὶ

0 1386 2 1388 ’
35 1387 234 1424 ταγματα,
275 1377 322 1408 ut
359 1369 467 1422 apud
503 1372 721 1408 Homerum
756 1368 870 1407 Iliad.
898 1366 950 1420 η’·
993 1365 1147 1421 δόρπον
1176 1363 1310 1407 ἔπειθ’
1339 1366 1489 1406 εἵλοντο

35 1425 138 1468 κατα
163 1424 329 1481 στρατον
357 1426 400 1467 ἐν
428 1425 632 1468 τελέεσσιν.
689 1426 872 1464 similiter
897 1424 1135 1476 exponenda
1161 1430 1252 1462 sunt
1275 1424 1347 1460 illa
1370 1423 1491 1460 verba

35 1483 146 1536 apud
173 1482 439 1548 Ηεεγοίιίιιιιι,
469 1484 580 1521 cuius
607 1484 799 1534 interpres
826 1483 945 1533 longe
966 1480 1121 1519 diverso
1139 1493 1259 1518 sensu
1278 1481 1333 1516 ita
1352 1480 1490 1517 vertit·

29 1547 76 1577 >et
104 1541 328 1592 assignavit
353 1542 398 1578 in
423 1540 530 1577 hanc
557 1553 639 1576 rem
666 1540 864 1590 impensas
891 1551 912 1575 e
939 1537 1107 1575 militari
1129 1537 1296 1573 aerario.
1354 1537 1489 1573 LAMB.

147 1611 186 1648 p.
215 1597 268 1637 13
295 1609 334 1636 v.
359 1597 399 1636 3.
454 1591 707 1645 Ἀντωνινία]
738 1596 888 1646 corrige
908 1593 1093 1642 Suidam,
1123 1592 1227 1643 apud
1247 1605 1367 1657 quem
1385 1593 1490 1628 male

36 1653 182 1704 legitur
198 1649 441 1693 dnmvrla‘
412 1669 446 1704 η
459 1649 587 1708 πόλις.
611 1654 772 1691 Menas.
830 1657 921 1701 post
943 1646 1177 1690 Ἀντωνινία
1192 1647 1220 1699 ἦ
1233 1644 1347 1694 πόλις
1363 1663 1487 1687 κατω-

36 1705 224 1761 νομᾶζετο
266 1707 366 1746 adde
406 1721 459 1745 ex
496 1708 694 1775 Hesychio
725 1719 825 1758 quae
854 1705 920 1743 hic
950 1706 1095 1743 omissa
1124 1711 1236 1742 sunt:
1282 1702 1417 1752 ἐπειδὴ
1448 1701 1491 1743 δὲ

38 1769 121 1812 τοῖς
157 1765 289 1810 θείοις
325 1765 406 1802 τῶν
443 1763 638 1815 βασιλέων
670 1759 870 1812 ἀπεδόθη,
913 1756 1036 1808 αυθις
1063 1776 1106 1801 το
1139 1756 1354 1808 Βυζαντιον
1384 1758 1491 1799 ω’νο-

39 1817 200 1872 anigno,
240 1818 284 1856 id
313 1825 391 1867 est,
425 1827 636 1870 postquam
665 1826 797 1856 autem
828 1820 871 1854 in
898 1831 1106 1855 numerum
1133 1817 1314 1854 divorum
1343 1816 1491 1852 relatus
1516 1816 1523 1826 ⁸

40 1884 95 1914 est
132 1877 150 1927 (
160 1890 215 1915 sc.
252 1875 471 1925 Severus),
510 1878 650 1912 iterum
687 1875 879 1925 Byzantii
911 1887 1051 1910 nomen
1078 1872 1174 1910 urbs
1200 1873 1363 1923 accepit
1420 1870 1491 1910 sed

41 1932 147 1984 apud
175 1930 419 1984 Hesychium
446 1945 517 1983 pro
547 1927 734 1982 ἐπεδόθη
754 1931 976 1968 necessario
997 1928 1247 1968 scribendum
1268 1936 1326 1967 est
1346 1924 1490 1968 anaw-

39 1994 260 2040 θησαν,ιι
234 1995 279 2026 ut
305 1989 494 2026 referatur
520 1987 571 2024 ad
599 1994 833 2039 utrumque,
862 1988 1053 2024 Severum
1080 2000 1223 2038 nempe
1253 1993 1291 2023 et
1319 1986 1490 2023 Antoni-

39 2059 139 2083 num
163 2045 429 2093 Caracallam,
474 2045 661 2113 quoniam
690 2057 736 2081 ea
766 2056 867 2095 quae
894 2042 1155 2095 praecedunt,
1194 2045 1249 2079 ita
1276 2049 1366 2079 sunt
1396 2054 1490 2078 con·-

40 2109 176 2170 cepta,
217 2100 283 2142 καὶ
320 2099 429 2153 μέχρι
467 2098 540 2151 μὲν
580 2094 631 2140 οὗ
668 2102 812 2151 περιῆν
850 2100 1027 2152 Σεβῆρος
1062 2100 1128 2140 καὶ
1164 2096 1184 2138 ὅ
1219 2094 1362 2137 τούτου
1397 2100 1491 2143 παῖς

40 2153 286 2205 Ἀντωνῖνος.
341 2163 543 2208 praeterea
571 2155 787 2194 notandum
820 2154 884 2194 hic
911 2157 1096 2204 occurrit,
1136 2155 1254 2191 verba
1284 2150 1418 2203 ἐπειδή
1448 2151 1491 2191 δὲ

41 2218 125 2260 τοῖς
158 2215 288 2261 θείοις
324 2229 404 2253 των
432 2211 654 2279 βασιλέων
672 2208 856 2262 ἐπεδόθη
891 2211 996 2250 idem
1024 2213 1155 2249 valere
1186 2224 1231 2247 ao
1261 2211 1294 2247 si
1324 2209 1492 2246 dixisset

43 2266 139 2320 μετᾶ
189 2268 233 2310 δὲ
277 2266 344 2310 τὸν
382 2265 563 2309 θανατον
601 2264 748 2308 αὐτοῦς
799 2281 911 2313 nam,
952 2275 996 2306 ut
1036 2270 1089 2305 ait
1128 2268 1293 2304 Tacitus
1333 2267 1375 2302 in
1412 2265 1490 2302 fine

42 2326 135 2363 libri
176 2326 228 2366 15
268 2326 504 2374 Annalium,
556 2325 672 2362 deum
709 2323 833 2361 honor
866 2325 1042 2375 principi
1081 2338 1159 2360 non
1197 2330 1289 2360 ante
1325 2321 1493 2359 habetur

43 2395 166 2434 quam
204 2394 321 2432 agere
356 2383 455 2418 inter
496 2381 670 2419 homines
710 2380 874 2421 desierit,
932 2380 1051 2420 simili
1093 2381 1229 2418 mortis
1274 2377 1492 2429 periphrasi

13 2446 19 2454 '
42 2439 167 2476 utitur
191 2438 370 2485 Solinus,
400 2438 469 2474 ubi
494 2439 547 2475 ait
573 2437 788 2488 Angitiam
812 2435 965 2474 salubri
988 2438 1151 2474 scientia
1176 2436 1363 2472 adversus
1387 2447 1492 2471 mor-

45 2493 113 2532 bos
135 2496 390 2539 resistentem,
419 2507 508 2531 cum
537 2495 637 2530 inter
663 2494 836 2530 lzomines
863 2494 989 2530 vivere
1017 2494 1207 2538 desiisset,
1236 2492 1350 2528 deam
1374 2489 1492 2527 habi-

46 2556 130 2587 tam
157 2551 303 2602 fuisse.
360 2551 415 2586 ita
456 2551 562 2586 enim
602 2550 657 2586 ibi
696 2548 980 2587 restituendum
1024 2556 1083 2587 est
1125 2562 1176 2586 ex
1216 2548 1490 2599 antiquissimo

47 2606 181 2643 codice
216 2609 263 2647 R.
291 2608 336 2647 P.
365 2605 589 2654 Sirmondi,
634 2619 705 2656 pro
736 2618 783 2642 eo
812 2605 919 2658 quod
946 2606 1066 2656 vulgo
1094 2606 1259 2655 legitur,
1303 2618 1393 2640 cum
1421 2604 1490 2641 de-

47 2661 166 2698 disset
201 2661 395 2700 hominem
428 2664 568 2699 vivere.
630 2663 685 2699 sic
714 2662 753 2698 S.
781 2663 1022 2712 Augustinus
1054 2661 1102 2698 de
1132 2661 1236 2700 civit.
1265 2661 1340 2698 Dei
1366 2661 1394 2700 2
1442 2661 1488 2702 5:

47 2730 117 2754 nee
144 2717 226 2755 ullo
251 2719 381 2765 modo,
409 2719 558 2771 inquit,
590 2718 759 2755 crederet
781 2719 1055 2755 verecundiam
1079 2715 1299 2755 laudabilis
1310 2717 1492 2768 feminae

45 2774 103 2810 ita
138 2774 180 2810 in
217 2777 455 2813 contrarium
482 2775 690 2812 divinitate
716 2776 880 2821 mutari,
920 2782 964 2811 ut
991 2772 1200 2811 honoribus
1228 2786 1314 2811 eam
1343 2772 1491 2812 talibus
