1708 3022
440 753 490 809 L
530 753 586 808 A
623 750 691 808 M
728 749 778 806 Β
817 750 864 806 Ε
909 748 954 807 C
995 745 1087 804 ΙΙ

212 875 668 926 PRAEFATIO
714 876 811 923 AD
855 872 1312 923 LECTOREM.

39 1158 170 1228 Cum
211 1195 306 1227 ante
349 1186 561 1227 biennium
603 1184 787 1225 Lutetiae
826 1183 1075 1224 Parisiorum
1112 1195 1296 1234 agerem,
1341 1187 1498 1219 tantum

37 1268 148 1325 apud
191 1282 260 1308 me
282 1274 521 1324 potuerunt
564 1267 751 1307 innatum
795 1266 984 1321 publicae
1020 1264 1207 1303 utilitatis
1243 1260 1426 1303 studium
1461 1268 1500 1299 et

37 1351 262 1391 amicorum
311 1349 613 1408 cohortationes
663 1355 704 1387 et
752 1347 963 1402 exempla<
989 1347 1262 1401 complurium
1309 1343 1501 1385 doctissi-

36 1446 200 1473 morum
229 1432 434 1483 virorum,
472 1437 517 1470 ut
551 1443 762 1472 summum
793 1430 912 1469 nefas
945 1441 1036 1468 esse
1071 1426 1282 1468 crederem
1315 1426 1501 1480 inceptae

38 1513 209 1556 editioni
245 1515 426 1572 corporis
456 1513 650 1554 historiae
676 1510 932 1565 Byzantinae
961 1509 1231 1565 qualicunque
1256 1522 1350 1549 mea
1379 1521 1502 1564 opera

38 1596 195 1638 deesse.
264 1596 450 1653 quaesivi
491 1596 614 1649 igitur
657 1594 723 1635 cui
760 1594 1024 1650 potissimum
1057 1591 1164 1648 parti
1200 1593 1384 1632 laborem
1421 1591 1502 1631 im-

37 1678 282 1737 penderem,
329 1687 371 1721 et
418 1693 512 1739 cum
554 1679 643 1718 fere
688 1676 828 1718 omnia
866 1677 917 1716 ab
954 1675 1046 1715 aliis
1082 1681 1377 1730 praeoccupata
1413 1687 1504 1714 esse

38 1762 246 1814 viderem,
282 1761 451 1804 tandem
479 1774 645 1802 mecum
670 1759 848 1812 cogitare
878 1758 998 1814 coepi
1028 1771 1178 1814 operae
1207 1757 1386 1812 pretium
1413 1758 1504 1796 fore

40 1847 77 1887 si
109 1847 305 1887 hactenus
338 1843 493 1884 inedita
527 1841 677 1884 Codini
712 1848 903 1898 excerpta
939 1840 992 1881 de
1026 1840 1333 1896 antiquitatibus
1364 1837 1506 1896 Cpoli-

40 1929 147 1969 tanis
192 1929 238 1968 in
285 1927 496 1984 publicum
541 1923 826 1982 producerem.
902 1930 1186 1980 praeterquam
1236 1924 1347 1964 enim
1396 1920 1506 1978 quod

41 2010 270 2067 pertineant
316 2007 369 2048 ad
413 2021 502 2048 rem
546 2014 586 2046 et
627 2007 804 2046 multum
845 2005 949 2046 lucis
982 2005 1154 2047 afferant
1186 2006 1383 2046 historiae
1418 2003 1505 2056 By-

43 2093 249 2144 zantinae,
288 2093 371 2132 hoc
409 2090 535 2130 etiam
570 2080 841 2129 nomine'edi
875 2096 1101 2139 merentur,
1142 2086 1252 2143 quod
1290 2101 1313 2126 a
1348 2087 1505 2139 gravis-

44 2176 159 2216 simis
193 2175 316 2215 huius
354 2181 395 2213 et
428 2171 649 2230 superioris
682 2171 836 2212 saeculi
864 2171 1127 2227 scriptoribus
1153 2171 1316 2226 saepius
1343 2167 1506 2209 laudata

44 2265 85 2297 et
132 2255 185 2297 ad
234 2256 586 2298 confirmationem
636 2252 850 2294 dubiarum
894 2252 1139 2309 opinionum
1184 2251 1370 2292 adhibita
1414 2250 1506 2289 sint.

45 2338 199 2379 etenim
231 2337 408 2379 Ioannes
442 2335 716 2378 Leunclavius
748 2335 793 2375 in
824 2334 1044 2376 Pandectis
1077 2336 1274 2376 historiae
1310 2332 1507 2373 Tur-cicae

46 2421 139 2461 libri
172 2418 226 2460 de
259 2418 458 2461 aedificiis
490 2418 822 2475 frequentissime
854 2419 1109 2459 mentionem
1143 2417 1265 2467 sacit3
1307 2423 1346 2455 et
1383 2426 1508 2468 quae-

48 2517 205 2559 cunque
236 2502 431 2544 Nicolaus
465 2501 712 2542 Alemannus
747 2500 857 2541 notis
889 2501 973 2541 suis
1007 2502 1051 2541 in
1086 2499 1335 2554 Procopium
1366 2496 1407 2535 ἐκ
1430 2499 1508 2535 τῶν

49 2582 268 2627 ἆνεκὸότων
299 2583 476 2640 πατρίων
514 2583 580 2625 GP
617 2583 807 2634 inseruit,
850 2582 947 2623 inde
983 2582 1198 2637 desumpta
1235 2586 1339 2619 sunt.
1409 2577 1509 2617 item

50 2666 191 2709 Petrus
246 2667 380 2710 Gilius
427 2681 480 2709 ex
525 2665 758 2724 supradicto
804 2666 908 2706 libro
957 2664 1008 2704 de
1056 2662 1253 2704 aedificiis
1298 2668 1336 2699 et
1380 2662 1509 2700 altero

53 2747 104 2788 de
142 2751 282 2791 statuis
317 2752 493 2803 integras
529 2748 802 2805 transscripsit
829 2749 1010 2804 paginas.
1082 2751 1236 2783 certum
1262 2756 1423 2797 quoque
1451 2748 1512 2780 est
