1754 2990
462 145 537 187 AD
574 143 834 188 CODINUM
867 144 1070 187 NOTAE.
1391 142 1490 188 '251

148 279 190 317 Ρ.
217 265 272 308 55
299 278 340 306 v,
370 266 437 307 12.
493 265 671 312 ἶνδικτος
707 271 747 302 et
786 260 990 305 ἰνδικτιαῖν
1026 262 1187 302 Graecis
1214 264 1495 302 recentioribus

39 321 273 373 ἐπινέμησιν
299 335 371 361 seu
398 321 651 359 indietwnem
677 321 914 371 significant.
971 333 1075 374 quae
1101 333 1196 359 vero
1224 319 1292 358 hic
1321 320 1497 360 Codinus

40 380 160 416 refert
189 378 239 416 de
266 377 530 417 indictionum
557 379 774 430 principio,
807 378 1015 415 confirmat
1038 380 1209 416 Ioannes
1231 376 1370 429 Lydus
1395 378 1497 416 libro

39 436 88 472 de
129 435 327 474 mensibus
365 447 407 486 Ρ.
450 436 545 476 122.
600 432 673 472 sed
712 441 807 472 nota
846 434 1106 473 indictionem
1143 447 1216 473 seu
1254 433 1499 486 ἐπινέμησιν,
1559 456 1564 459 ·

40 504 144 544 quae
173 491 280 543 apud
309 493 518 543 scriptores
545 491 717 529 Graecos
743 491 786 528 in
813 503 890 528 usu
917 497 977 529 est
1001 497 1041 528 et
1065 491 1369 542 cognominatur
1395 493 1500 530 Cae-

39 561 171 594 sarea,
215 549 411 599 incepisse
448 554 538 599 post
575 546 779 586 Christum
806 554 947 584 natum
974 561 1080 586 anno
1107 549 1213 595 312,
1243 547 1311 585 die
1339 546 1395 588 24
1424 548 1500 585 Se-

39 604 252 656 ptembris,
285 617 364 656 quo
393 605 676 642 Constantinus
702 616 871 654 magnus
899 605 1148 642 Maxentium
1176 603 1323 642 devicit
1350 610 1391 641 et
1416 610 1500 641 sta-

39 663 115 698 tim
143 667 234 712 post
261 661 468 699 victoriam
497 659 731 700 Christianis
758 661 982 698 libertatem
1005 660 1166 701 indixit.
1225 662 1368 707 altera,
1396 673 1500 712 quae

38 719 220 755 Romana
246 724 411 756 vocatur
438 724 478 754 et
505 717 658 755 Latinis
686 717 942 768 scriptoribus
968 718 1113 756 usitata
1140 724 1223 766 est,
1271 730 1295 755 a
1323 716 1502 755 calendi8

39 774 232 812 Ianuariis
259 774 516 843 sequentibus
543 774 703 825 incepit.
760 775 889 812 Lm.

151 844 193 882 p·
222 830 276 871 55
307 843 348 869 v.
377 830 441 872 14.
497 826 716 877 Ἀππιανος
742 831 856 870 Δίων
882 829 944 880 τε]
982 830 1039 868 ita
1069 828 1359 867 restituendum
1388 827 1501 873 duxi,

41 899 134 924 cum
167 899 376 938 perperam
404 888 447 924 in
476 885 678 925 codicibus
707 887 863 937 scriptis
890 888 1089 937 legeretur
1119 883 1418 932 Οὐεσπασιανὸς
1446 881 1500 924 δι’

42 958 100 982 ων
127 957 181 982 τε.
238 943 329 981 vide
367 943 597 995 Appianum
635 942 956 980 Alexandrinum
986 943 1017 980 1.
1046 944 1068 983 1
1100 943 1149 979 de
1176 941 1290 979 bellis
1318 941 1502 979 civilibus

41 1006 82 1036 et
128 999 300 1037 Dionem
346 1000 376 1037 l.
417 999 493 1048 41,
542 1000 614 1037 ubi
658 1000 816 1051 prolixe
861 1005 1043 1036 narratur
1085 1011 1205 1051 quam
1248 998 1298 1036 ob
1341 995 1502 1034 causam

42 1057 90 1093 C.
134 1057 261 1094 Iulius
301 1056 449 1094 Caesar
488 1054 708 1108 Dyrrachio
752 1055 1012 1094 Brundisium
1052 1057 1161 1093 solus
1200 1061 1239 1092 et
1275 1055 1503 1104 incognitus

43 1112 229 1163 navigare
265 1119 428 1150 conatus
463 1113 605 1160 fuerit,
648 1119 688 1150 et
724 1111 923 1163 quomodo
958 1119 1195 1163 tempestate
1232 1109 1395 1148 adversa
1430 1109 1503 1147 de-

41 1169 218 1207 bilitatos
266 1175 478 1206 nautarum
524 1170 679 1207 animos
716 1170 781 1207 sui
820 1168 1040 1206 detectione
1079 1168 1131 1206 ad
1169 1180 1283 1219 spem
1323 1168 1503 1205 erexerit.

42 1226 173 1262 Iam.

153 1295 194 1332 Ρ.
225 1282 278 1323 55
307 1293 344 1322 V.
376 1280 428 1322 15
455 1292 515 1332 sq.
571 1275 653 1320 ἆπό
685 1276 944 1327 Νικοπόλεως
975 1280 1031 1327 εἰς
1058 1276 1104 1319 τό
1133 1275 1384 1331 Δυρράχιον]
1427 1277 1503 1316 hoc

42 1337 190 1375 falsum
228 1344 300 1375 est.
357 1337 510 1387 corrige
544 1337 666 1387 igitur
693 1335 894 1374 Codinum
924 1348 977 1373 ex
1004 1337 1179 1387 Appiani
1207 1342 1246 1373 et
1274 1336 1412 1372 Diouis
1439 1335 1504 1372 10-

44 1395 122 1442 cis,
165 1406 266 1447 quos
302 1394 388 1444 ipse
428 1394 582 1442 citavit,
628 1400 667 1431 et
697 1394 823 1431 scribe
854 1388 936 1432 οἷπό
965 1393 1191 1444 Δυρραχίου
1222 1391 1279 1438 εἰς
1307 1388 1349 1430 td
1379 1393 1504 1443 Βρεν-

41 1450 183 1490 τέσιον.
238 1463 385 1502 nempe
418 1451 563 1489 Caesar
590 1462 645 1487 ex
672 1451 832 1497 castris,
873 1461 975 1500 qnae
1004 1448 1110 1500 apud
1139 1446 1403 1499 Dyrrachium
1430 1460 1504 1512 pq-

42 1513 199 1554 suerat,
237 1507 453 1546 conabatur
479 1507 666 1557 navigare
694 1505 971 1553 Brundisium,
1004 1504 1055 1542 ad
1083 1502 1396 1542 transvehendos
1423 1505 1505 1540 mi·-

43 1564 134 1602 lites
163 1575 262 1616 quos
290 1564 348 1600 ibi
374 1575 468 1601 cum
493 1564 667 1600 Antonio
695 1564 921 1614 reliquerat.
978 1563 1106 1599 ΙιΑΜΒ.

152 1618 275 1671 p.55
303 1633 340 1660 v.
369 1620 422 1660 21
450 1632 510 1671 sq·
567 1615 747 1671 γαλήνην
775 1617 963 1670 γενέσθαι
992 1617 1058 1656 καὶ
1087 1616 1368 1667 διασωθῆναι]
1407 1614 1505 1653 haec

42 1677 99 1714 ita
136 1682 270 1713 narrat
307 1675 485 1713 Codinus
523 1676 637 1726 quasi
676 1673 813 1711 sedata
850 1680 1084 1722 tempestate
1118 1673 1277 1709 Caesari
1306 1674 1504 1722 navigatio

42 1733 114 1770 illa
154 1731 340 1781 deinceps
375 1731 545 1767 feliciter
582 1731 831 1768 successerit:
874 1728 946 1765 sed
983 1741 1112 1780 neque
1150 1727 1225 1765 hoc
1261 1741 1396 1764 verum
1434 1736 1504 1766 est.

43 1801 140 1825 nam
168 1801 243 1825 nec
270 1787 432 1825 saevitia
459 1787 703 1837 tempestatis
733 1799 776 1833 se
802 1785 976 1833 remisit,
1004 1797 1078 1822 nec
1105 1786 1217 1822 navis
1244 1798 1444 1822 remorum
1470 1786 1507 1820 vi

45 1845 211 1882 ulterius
246 1843 469 1896 promoveri
499 1844 649 1893 potuit3
694 1854 815 1894 quare
845 1840 1006 1878 adversa
1034 1843 1158 1893 puppi
1185 1841 1332 1879 Caesar
1359 1840 1411 1878 ad
1439 1854 1506 1877 ca-

45 1908 127 1939 stra
155 1913 227 1939 sua
257 1906 414 1938 coactus
442 1900 519 1937 fuit
548 1900 699 1936 reverti.
755 1899 884 1935 ΙιΑΜΒ.

158 1971 198 2009 Ρ.
227 1957 280 1998 56
308 1970 343 1994 v.
372 1954 410 1996 4.
471 1959 641 2007 στοιχεῖα
674 1954 740 1992 hic
768 1954 991 2011 significant
1016 1953 1235 1990 simulacra
1265 1959 1303 1990 et
1332 1959 1500 1990 statuas.

47 2026 167 2065 supra
199 2026 238 2064 p.
269 2012 323 2054 53
350 2026 388 2052 v.
421 2014 474 2053 10
504 2019 542 2049 et
570 2026 608 2063 p.
638 2011 692 2052 54
720 2024 759 2050 v.
791 2013 842 2052 12
872 2023 918 2047 ea
945 2011 1095 2048 vocavit
1125 2007 1288 2061 στήλας,
1320 2005 1504 2060 θεάματα

48 2077 89 2107 et
117 2067 323 2123 ἀγάλματα
349 2072 421 2110 τοῦ
451 2069 633 2108 ἱππικου.
690 2069 816 2104 LAMB-

159 2140 199 2178 Ρ.
230 2125 284 2166 56
312 2139 350 2166 v.
380 2125 418 2166 5.
476 2121 724 2178 Περιχύτην]
767 2135 990 2173 anonymus
1027 2123 1068 2159 in
1098 2121 1359 2160 Collectaneis
1389 2119 1507 2157 tradit

50 2181 152 2220 hanc
192 2183 316 2220 fuisse
359 2188 531 2220 statuam
573 2181 750 2228 virilem,
795 2181 921 2230 capite
961 2180 1115 2229 galeato
1152 2185 1191 2215 et
1225 2185 1307 2216 toto
1345 2189 1507 2226 corpore

50 2237 222 2289 ignudo,
264 2241 440 2290 exceptis
480 2236 690 2288 pudendis.
746 2237 782 2273 si
823 2248 915 2286 ergo
954 2249 1024 2287 pro
1064 2231 1276 2284 περιχύτης
1311 2234 1508 2283 legeretur

50 2295 276 2346 πεοίχυτος,
307 2295 518 2333 verisimile
545 2300 647 2330 esset
676 2298 881 2343 propterea
908 2290 1012 2329 hauc
1042 2299 1213 2328 statuam
1242 2293 1296 2327 ita
1326 2289 1509 2327 denomi-

51 2359 187 2388 natam
216 2352 359 2399 fuisse,
397 2350 506 2403 quod
532 2349 665 2387 media
690 2349 912 2386 velamento
941 2355 1043 2386 esset
1073 2346 1313 2384 circumdata
1341 2346 1404 2383 vel
1431 2346 1508 2382 cir-

51 2409 285 2449 cmucincta
340 2409 470 2448 LAMB.

163 2478 203 2515 Ρ
237 2465 290 2504 56
317 2477 352 2502 v-
381 2463 525 2504 7-9,
582 2477 668 2503 ovet,
698 2456 1069 2511 προτιμηθήσονται
1096 2473 1176 2498 των
1206 2453 1438 2507 ἀνθρώπων
1463 2456 1509 2496 ἐν

53 2521 336 2570 ταλαιπωρίαις
373 2515 498 2559 ὄπίσω
534 2513 895 2568 ἆκολουθουντων]
931 2517 1029 2568 quid
1062 2516 1216 2553 Cranus
1246 2511 1508 2566 philosophus

54 2575 119 2613 his
160 2577 284 2615 verbis
328 2576 548 2628 significare
590 2575 781 2622 voluerit,
826 2574 999 2625 explicat
1037 2575 1204 2611 Ioannes
1242 2572 1410 2609 Tzetzes
1448 2567 1510 2608 his

53 2633 250 2672 versibus:

272 2703 364 2735 ονος
392 2685 436 2727 δὲ
461 2689 629 2738 χαλκοῦς
655 2684 822 2726 ἱππικοῦ
843 2681 1075 2725 πινύσκεται

274 2743 502 2812 ἔμπροσθεν
531 2741 668 2789 ἑστώς,
698 2740 742 2782 ἐκ
767 2739 811 2781 δὲ
835 2744 917 2780 τῶν
925 2735 1143 2780 ὀπισθίων

275 2797 493 2852 α’νθοωπος
521 2794 695 2851 οἰκτρος,
726 2799 945 2851 ζωγραφῶν
972 2794 1044 2836 τὸν
1072 2797 1148 2836 νῦν
1178 2798 1280 2848 βίον,
