1754 2990
0 0 165 97 ἶ

0 101 10 131 ἓ

0 161 24 281 ξ
136 249 177 280 μ.
203 228 258 270 98
286 241 326 265 ν.
350 226 392 268 4.
446 224 518 268 τὸν
557 226 682 268 ἐκεῖσε
722 223 826 266 ναόν
867 227 939 278 τῆς
977 223 1095 279 ἁγίας
1122 220 1298 275 Ἀννης]
1336 226 1479 277 procul

0 267 148 332 laabin
189 285 424 336 intelligitur
459 284 656 335 templum
694 282 736 322 S.
774 286 933 331 Annae,
974 281 1081 334 quod
1105 281 1319 332 Procopius
1345 282 1400 318 ait
1426 281 1476 319 ab

24 342 246 380 Iustiniana
282 342 327 379 in
361 342 449 379 loco
478 341 586 378 urbis
613 347 839 390 nuncupato
870 337 1037 393 δευτέρῳ
1065 337 1314 375 aedificatum
1340 337 1478 375 fuisse.

26 405 128 436 errat
164 400 284 449 igitur
316 395 393 435 hoc
426 397 515 436 loco
552 395 748 444 eodinus,
787 403 826 433 et
852 409 951 447 opus
976 395 1185 433 Iustiniani
1210 395 1348 446 magni
1374 394 1477 433 falso

25 455 214 493 adscribit
237 454 455 492 Iustiniana
484 451 753 491 Rhinotmeto.
809 454 947 494 an.

135 525 176 564 p.
201 511 256 552 98
286 524 323 548 v.
352 509 417 551 15.
470 506 618 561 Ἰωσὴφ
646 509 712 550 καὶ
740 506 967 560 Θεόδωρος]
1012 507 1060 545 de
1090 507 1133 548 S.
1162 505 1376 545 Theodoro
1406 506 1482 544 ab·

24 568 115 605 bate
150 568 381 605 monasterii
417 565 601 604 Studiani
628 566 784 617 prolixe
812 566 940 616 agitur
967 565 1010 601 in
1035 566 1276 603 Graecorum
1302 564 1480 602 Menaeis

27 623 91 661 die
121 625 172 663 11
202 623 449 661 Novembris.
506 623 589 660 eius
618 636 711 660 vero
739 622 860 659 frater
885 622 927 659 S.
953 619 1145 673 Iosephus
1167 619 1479 659 Thessalonicae

27 679 345 732 archiepiscopus
381 679 478 728 fuit,
519 686 564 716 ut
600 686 765 716 testatur
800 677 1023 715 cedrenus:
1069 674 1294 730 Θεόδωρος,
1335 678 1479 728 inquit,

26 735 52 777 ὅ
85 734 319 789 ,ἡγούμενος
359 737 441 775 ταῖν
483 736 680 775 Σπουδίου
723 734 789 774 καὶ
824 730 970 786 Ἰωσήφ
1008 733 1029 774 ὅ
1066 730 1318 784 αὕτοῖδελφος
1353 731 1482 774 αὐτοῦ

27 789 331 845 ἆρχιεπίσκοπος
372 793 674 842 Θεσσαλονίκης.
730 798 896 842 uterque
935 803 1073 828 eorum
1109 786 1283 836 κανόνας
1316 803 1481 842 compo-

26 851 128 898 suit,
156 848 199 886 id
228 857 287 887 est
313 848 477 899 hymnos
504 850 587 886 sive
616 849 771 884 cantica
793 847 969 884 solennia
984 848 1187 897 festorum.
1243 844 1315 883 sed
1337 853 1481 883 notan—

27 905 124 943 dum
154 899 218 944 est=
241 906 284 946 S.
312 903 527 956 Iosephum
555 903 758 942 Theodori
788 903 967 942 Studitae
990 903 1152 939 fratrem
1176 902 1375 940 diversum
1394 915 1480 940 esse

28 975 50 999 a
90 962 133 1002 S.
172 959 342 1014 Iosepho
381 960 546 999 diacono
581 960 835 1008 Antiochiae,
878 960 948 1011 qni
975 958 1113 995 itidem
1143 971 1340 996 canonum
1370 972 1481 997 com-

26 1019 225 1069 positione
263 1019 392 1068 clarus
429 1025 488 1056 est
525 1024 564 1055 et
598 1018 641 1054 in
676 1018 852 1054 Menaeis
881 1017 1120 1053 Graecorum
1147 1021 1390 1052 memoratur
1416 1013 1481 1052 die

24 1075 52 1115 3
82 1075 241 1126 Aprilis.
298 1076 436 1113 Lim.

139 1145 180 1182 p.
208 1131 262 1170 99
290 1143 329 1169 v.
361 1130 427 1170 13.
483 1126 691 1180 Σαμψών]
741 1125 849 1180 quod
891 1125 1065 1165 Codinus
1106 1125 1182 1164 hoc
1220 1127 1307 1164 loco
1347 1126 1480 1174 refert,

27 1188 291 1225 lastinianum
343 1188 622 1238 imperatorem
674 1198 697 1222 a
747 1186 966 1235 Sampsone
1013 1183 1248 1220 miraculose
1298 1189 1482 1220 sanatum

26 1245 168 1294 fuisse,
210 1245 373 1295 eiusque
412 1242 571 1281 hortatu
608 1242 731 1279 veluti
760 1254 829 1292 pro
859 1241 1073 1290 gratiarum
1101 1241 1254 1276 actione
1282 1240 1483 1290 amplissi-

26 1313 138 1337 mum
175 1299 402 1337 aedificasse
437 1298 633 1350 hospitale
662 1296 1210 1348 nuncupatum*8ampsouis,
1250 1295 1483 1333 confirmant

27 1357 268 1394 unanimiter
305 1354 591 1406 Metaphrastes
630 1355 672 1391 in
709 1355 791 1391 vita
827 1354 868 1390 S.
907 1352 1136 1403 Sampsonis
1173 1358 1212 1388 et
1242 1352 1482 1389 Graecorum

25 1413 253 1464 Menologia
283 1411 347 1450 die
372 1413 427 1452 27
455 1410 573 1449 Iunii.
629 1423 759 1463 neque
789 1411 919 1446 minus
949 1409 1160 1460 Procopius
1188 1408 1215 1446 l.
1240 1409 1262 1448 1
1296 1407 1344 1445 de
1370 1407 1483 1445 aedi-

18 1469 130 1517 ficii-s·
169 1470 388 1507 lastiniani
426 1467 535 1506 idem
573 1467 734 1519 probat,
780 1473 826 1503 ut
867 1471 1002 1503 contra
1045 1465 1213 1502 aliorum
1254 1464 1483 1515 opinionem

30 1525 257 1564 doctissime
305 1526 519 1563 declaravit
564 1525 650 1562 Nic.
690 1524 936 1561 Alemannus
979 1521 1023 1558 in
1063 1521 1167 1558 notis
1207 1518 1259 1556 ad
1300 1521 1483 1572 Procopii

28 1577 231 1622 ἀνέκδοτα.
288 1583 427 1620 Lim.
1503 1609 1506 1612 Δ

138 1652 177 1689 p.
208 1639 291 1679 100
317 1651 354 1675 v.
386 1637 451 1678 19.
509 1635 538 1687 ἦ
573 1633 616 1676 δὲ
651 1630 822 1683 Δάφνη]
869 1631 1022 1668 videtur
1059 1631 1168 1682 loqui
1208 1629 1258 1667 de
1295 1631 1481 1682 suburbio

28 1694 229 1732 nominato
259 1693 449 1742 Daphne,
479 1693 591 1728 *cuius
620 1691 885 1727 meminerunt
913 1687 1105 1737 Evagrius
1133 1685 1323 1735 Agathias
1351 1693 1389 1724 et
1413 1688 1483 1724 alii

31 1751 253 1800 scriptores.
310 1754 509 1784 caeterum
551 1745 658 1798 quod
699 1747 753 1781 ait
790 1742 966 1782 Codinus
994 1743 1113 1779 moris
1142 1742 1264 1780 fuisse
1290 1749 1335 1780 ut
1365 1750 1484 1794 quot-

31 1808 145 1843 annis
187 1803 362 1842 calendis
402 1803 575 1840 Ianuarii
611 1802 781 1853 populus
816 1799 1058 1851 principibus
1086 1805 1125 1835 et
1151 1800 1305 1836 senatui
1328 1799 1481 1836 laureas

31 1862 211 1909 offerret,
255 1873 342 1898 eam
379 1860 428 1897 ob
466 1872 624 1897 causam
659 1858 796 1904 flebat,
840 1857 1029 1908 quoniam
1062 1855 1195 1892 laurus
1234 1854 1394 1907 prodest
1430 1854 1482 1892 ad

31 1919 240 1957 sanitatem
282 1919 446 1968 eiusque
487 1915 713 1968 symbolum
750 1919 832 1960 est,
884 1919 927 1950 ut
965 1917 1129 1950 testatur
1166 1911 1483 1963 Geopouicorum

32 1982 168 2013 auctor
195 1977 223 2014 2
270 1978 313 2016 2:
361 1973 516 2025 λέγουσι
553 1971 614 2019 δέ,
654 1971 802 2022 iuquit,
840 1967 908 2008 καὶ
941 1971 1057 2009 τοῦτο
1094 1966 1184 2016 περὶ
1211 1970 1283 2020 τῆς
1311 1964 1481 2019 δάφνης,

32 2027 93 2072 ’ὅτι
120 2030 270 2084 ὑγιείας
295 2025 547 2083 ἐργαστήριον
573 2028 697 2068 ἔστιν·
728 2023 829 2066 ὅθεν
856 2023 922 2064 καὶ
951 2021 1082 2076 φύλλα
1107 2021 1230 2074 αὐτῆς
1254 2023 1482 2065 ἐπεδίδοντο

31 2092 115 2135 τοῖς
141 2085 304 2140 ἄρχουσι
333 2083 440 2139 παραὶ
469 2085 542 2126 τοῦ
570 2080 700 2136 δήμου
730 2085 781 2138 τῇ
808 2077 943 2137 πρώτῃ
972 2084 1045 2122 τοῦ
1070 2076 1313 2133 Ἰανουαρίου
1340 2076 1481 2132 μηνός.

29 2145 163 2184 Luni.
812 2158 815 2161 ⁴

145 2213 184 2251 p.
218 2201 295 2241 101
325 2213 364 2237 v,
395 2201 470 2240 11.·
518 2196 545 2249 ἦ
582 2194 625 2237 δὲ
663 2196 804 2247 σιδηρᾶ
841 2191 987 2246 πόρτα]
1026 2206 1145 2246 quam
1183 2194 1223 2230 in
1260 2193 1482 2244 praesentia

29 2263 188 2306 portam
215 2256 394 2307 firream
434 2261 566 2302 vocat,
610 2253 728 2303 paulo
766 2257 854 2302 post
892 2251 1066 2303 appellat
1101 2248 1174 2301 τήν
1212 2247 1365 2302 πόρταν
1402 2250 1483 2288 τοῖν

34 2315 219 2361 Σοφιῶν,
261 2311 303 2349 id
334 2319 392 2350 est
423 2318 582 2362 portam
603 2316 746 2360 portus
777 2307 972 2358 Sophiani
1005 2308 1088 2345 sive
1118 2312 1280 2356 portam
1312 2304 1484 2355 Sophia..

32 2381 142 2406 nam.
196 2370 330 2405 Lim.

146 2437 183 2474 p.
216 2424 296 2464 103
325 2437 363 2460 v.
395 2424 460 2463 18.
518 2422 566 2460 de
594 2420 826 2460 Theoctisto
853 2421 1015 2473 eiusque
1041 2416 1159 2456 caede
1180 2416 1270 2455 vide
1288 2418 1483 2454 Zonaram

32 2481 74 2517 in
100 2478 339 2530 Theophilo.
396 2481 533 2519 Lama.

145 2550 186 2587 p.
219 2535 300 2576 104
331 2549 369 2573 v.
397 2536 437 2577 4.
494 2534 543 2572 de
586 2533 660 2572 hac
701 2540 829 2571 statua
865 2531 1085 2571 Eleutherii
1123 2531 1218 2568 satis
1255 2529 1392 2567 notavi
1431 2527 1482 2566 ad

35 2605 77 2642 P·
104 2591 158 2634 49
182 2605 220 2634 v.
249 2592 311 2633 15.
367 2605 438 2643 pro
466 2588 632 2642 κόφινον
661 2587 852 2628 iu'tribus
882 2589 1079 2628 codicibus
1106 2587 1303 2626 Vaticanis
1331 2584 1483 2623 diverso

38 2648 206 2698 legitur,
242 2644 510 2696 ἐξακάνθινον
540 2642 814 2697 ἐξακᾶνθηκον
843 2653 882 2684 et
910 2645 1232 2694 ἐξακανθίλουον.
1290 2640 1361 2680 sed
1387 2640 1484 2695 quid

37 2704 115 2740 ista
152 2703 227 2741 sibi
262 2706 407 2754 velint,
446 2717 525 2742 non
554 2705 648 2741 satis
676 2701 777 2740 mihi
803 2709 968 2741 constat.
1024 2697 1192 2752 κόφινος
1219 2712 1312 2738 vero
1341 2697 1483 2737 dicitur

36 2772 106 2797 vas
136 2772 189 2798 ex
214 2761 417 2812 virgultis,
445 2767 571 2798 terrae
598 2757 813 2811 portandae
838 2758 1055 2811 proprium.
1111 2757 1247 2794 lumn-

446 108 520 150 AD
557 105 818 150 CODINUM
849 105 1052 149 NOTAE.
1376 103 1474 150 271
