1754 2990
489 138 567 181 DE
599 135 896 205 AEDlFIcns
932 136 1011 180 cp,
1409 137 1471 182 77

32 263 54 306 ὃ
87 263 132 306 δὲ
158 257 455 311 Ἰουστινιανός,
489 258 511 301 ὃ
541 264 616 315 τῆς
638 258 814 316 μεγάλης
835 261 1043 316 ἐκκλησίας
1065 260 1257 318 κτίστωρ,
1292 257 1474 306 ἐκάλεσεν

0 357 5 363 ·
33 331 156 375 αὗτόν
192 329 302 387 ἅγιον
332 326 543 372 Ἀκάκιον.

169 421 229 463 Τὸ
265 416 506 471 καλούμενον
540 414 789 473 Μεσόλοφον
821 417 943 470 μέσον
973 419 1056 462 ἐστὶ
1087 422 1167 461 τῶν
1196 417 1295 461 ἔπτὰ
1325 416 1475 476 λόφων,

32 490 155 546 ’ἤγουν
180 486 214 542 ἦ
245 486 318 542 μία
349 492 474 542 μοῖρα
504 490 576 540 τῆς
608 484 760 535 πόλεως
789 484 867 539 ἔχει
889 493 994 542 τρεῖς
1017 484 1190 543 λόφους,
1225 489 1291 529 καὶ
1312 485 1339 541 ἦ
1363 485 1478 544 ἑτέρα

1 563 157 616 5τρεῖς,
181 557 249 599 καὶ
269 552 388 599 τοῦτό
412 556 516 597 ἔστιν
538 554 680 607 μέσον,
707 552 729 595 ὃ
755 557 943 597 καλοῦσιν
965 554 1002 596 οἳ
1025 557 1181 597 ἰδιῶται
1202 553 1479 612 μεσόμφαλον.

160 645 228 687 Ἔν
258 648 310 701 τῇ
338 644 527 700 λεγομένῃ
555 647 688 699 χαλκῇ
721 641 846 698 στήλη
873 647 1007 698 χαλκῆ
1035 638 1085 698 ἦν
1109 648 1182 686 τοῦ
1204 644 1341 700 κυρίου
1364 643 1479 698 ἡμῶν

28 715 160 769 Ἰησοῦ
200 715 406 769 Χριστοῦ,
452 711 562 768 παρὰ
605 715 679 752 τοῦ
715 710 889 766 μεγάλου
932 713 1235 754 Κωνσταντίνου
1268 716 1480 756 σταθεῖσα.

34 781 56 824 ὃ
90 782 134 824 δὲ
164 782 287 823 Λέων
319 778 340 821 ὃ
372 779 504 835 πατὴρ
537 783 608 821 τοῦ
632 780 888 833 Καβαλλίνου
911 778 1059 834 ταύτην
1082 778 1311 835 κατήγαγεν.
1379 778 1405 834 ἦ
1437 780 1482 822 δὲ

11 854 104 902 ,νῦν
150 849 217 890 διὰ
259 848 454 905 ψηφίδων
494 845 674 903 ὁρωμένη
715 847 828 890 εἶκών
866 852 940 890 τοῦ
980 852 1081 890 θεοῦ
1124 846 1322 904 ἱστορήθη
1366 849 1480 904 παρὰ

0 915 210 974 ἶοΕἶρήνης
249 920 322 970 τῆς
356 915 604 969 Ἀθηναίας.
671 914 696 970 ἥ
734 917 777 958 δὲ
806 920 938 970 χαλκῆ
970 915 1154 972 ἐτύγχανε
1184 915 1355 972 χρόνους
1386 915 1480 958 υιέ·

0 999 2 1026 ὲ
35 988 77 1036 ἐξ
110 979 159 1040 ἧς
191 984 287 1040 γυνὴ
322 983 597 1041 αἱμορροοῦσα
628 982 729 1038 ἰάθη
752 986 818 1026 καὶ
842 984 956 1042 ἕτερα
978 985 1107 1027 πολλὰ
1130 982 1326 1038 θαύματα
1349 985 1480 1026 ἔπιτε.-
1501 995 1532 1030 Β

0 1054 3 1129 ἰ
33 1057 187 1096 λοῦντο.
315 1110 318 1112 ‚
1264 1068 1271 1070 -

170 1141 237 1184 Τὰ
269 1139 457 1197 λεγόμενα
485 1141 672 1196 Εὗγενίου
696 1139 801 1191 οἶκος
822 1137 871 1196 ἦν
894 1143 1081 1197 Εὐγενίου
1105 1143 1312 1200 πατρικίου
1337 1144 1378 1185 ἓν
1400 1148 1482 1192 τοῖς

30 1210 191 1269 χρόνοις
218 1211 434 1253 Θεοδοσίου
457 1214 528 1251 τοῦ
550 1208 723 1265 μεγάλου
734 1241 748 1261 ,
784 1209 828 1259 ὃς
850 1212 916 1251 καὶ
939 1209 1141 1267 ἀνήγειρεν
1165 1211 1286 1254 αὐτὸν
1309 1214 1365 1260 εἷς
1385 1210 1480 1253 ναὸν

5 1285 88 1337 5τῇ
110 1276 304 1335 θεοτόκῳ.

171 1368 237 1410 Τὰ
261 1364 451 1421 λεγόμενα
481 1364 697 1420 Οὐρβικιόυ
722 1362 748 1417 ἦ
773 1362 962 1414 θεοτόκος
985 1364 1085 1420 παρ’
1113 1363 1236 1407 ἄλλου
1265 1364 1480 1422 Οὔρβικίου

35 1438 223 1490 ἐκτίσθη,
269 1434 476 1490 πατρικίου
512 1433 578 1474 καὶ
613 1430 888 1486 στρατηλάτου
919 1437 996 1486 τῆς
1031 1433 1226 1486 ἀνατολῆς
1256 1431 1481 1488 βαρβάτου,

35 1509 108 1547 τοῦ
144 1501 424 1558 ἱστορήσαντος
456 1501 507 1542 τὰ
543 1499 786 1554 στρατηγικὰ
822 1500 863 1541 ἓν
898 1506 979 1549 τοῖς
1007 1499 1168 1555 χρόνοις
1204 1500 1482 1542 Ἀναστασίου

35 1576 109 1615 τοῦ
144 1570 328 1627 δικόρου,
362 1568 464 1622 μετὰ
490 1565 660 1623 χρόνους
692 1565 757 1623 ρπ’
788 1572 859 1609 τοῦ
893 1572 1106 1621 κτισθῆναι
1130 1568 1201 1621 τὴν
1226 1569 1482 1611 Κωνσταντι-

39 1638 235 1682 νοῦπολιν.
305 1636 325 1680 ὃ
360 1638 403 1679 δὲ
435 1634 540 1685 οἶκος
566 1635 688 1678 αὐτοῦ
711 1630 762 1690 ἦν
785 1637 840 1685 εἷς
861 1635 911 1678 τὰ
935 1638 1127 1691 καμίνου,
1161 1637 1228 1679 καὶ
1252 1638 1384 1690 ἕτερος
1407 1637 1483 1679 αὖά
1542 1644 1543 1647 ’

36 1713 107 1751 τοῦ
132 1706 237 1758 οἶκος
259 1709 314 1756 εἷς
335 1705 380 1748 τὸ
406 1702 655 1761 στρατήγιον.

127 1836 151 1871 3
174 1848 208 1881 p.
231 1835 276 1871 33
298 1834 407 1868 Band.
523 1828 753 1876 μεσόμφαλον
775 1832 817 1866 C.
935 1834 977 1867 11
1001 1830 1064 1866 καὶ
1087 1828 1192 1874 ἕτερα
1217 1828 1259 1865 δὲ
1284 1827 1484 1874 θαυμαστοὶ

131 1878 379 1916 ἐπιτελοῦνται
411 1875 514 1922 μέχρι
542 1878 608 1911 τοῦ
637 1878 704 1911 νῦν
729 1875 780 1916 εἰς
805 1873 923 1922 ὄνομα
945 1877 1014 1912 τοῦ
1035 1878 1199 1922 σωτῆρος
1220 1877 1367 1922 χριστοῦ
1391 1876 1482 1920 Reg.

129 1927 174 1967 16
196 1938 232 1972 p.
257 1925 300 1960 27
325 1924 436 1959 Band.
573 1923 619 1958 20
641 1919 801 1968 χαμένου
826 1923 869 1957 C.

39 2039 82 2074 Β.
117 2037 364 2071 Constantinus
396 2047 556 2081 magnus;
586 2034 771 2080 posteriori
791 2046 876 2070 vero
900 2035 1030 2081 primus
1050 2046 1172 2069 nomen
1194 2034 1356 2079 imposuit
1377 2033 1485 2067 Iusti-

41 2084 161 2118 nianus
183 2083 222 2117 S.
248 2083 397 2128 Sophiae
418 2083 584 2116 conditor.

174 2128 407 2174 Mesolophum
441 2128 516 2161 sive
547 2126 767 2159 meditullium
796 2126 832 2159 in
862 2125 969 2159 medio
991 2125 1094 2159 situm
1117 2129 1171 2158 est
1193 2129 1324 2168 septem
1347 2122 1483 2156 collium

42 2174 156 2208 urbis:
191 2179 262 2208 tres
296 2174 429 2209 scilicet
460 2174 502 2207 ab
533 2178 679 2217 utraque
710 2175 808 2215 parte
840 2175 941 2214 sunt,
973 2176 1008 2204 et
1030 2171 1121 2205 inter
1143 2175 1311 2213 utrosque
1332 2169 1484 2202 Mesolo-

43 2220 164 2265 phum,
192 2219 282 2264 quod
305 2220 407 2264 vulgo
431 2219 533 2253 etiam
557 2217 825 2261 Mesomphalum
847 2217 921 2250 sive
943 2217 1038 2250 urbis
1060 2216 1260 2250 nmbelicum
1284 2219 1423 2248 vocant.

179 2264 220 2298 In
254 2265 381 2299 Chalce
413 2269 560 2299 statuam
594 2274 730 2297 aeream
761 2262 887 2295 domini
917 2262 1027 2296 nostri
1056 2263 1137 2296 Iesu
1165 2259 1296 2294 Christi
1326 2262 1485 2293 erexerat

45 2309 296 2344 Constantinus
329 2322 488 2355 magnus:
522 2311 595 2343 Leo
621 2313 733 2342 autem
754 2311 854 2352 pater
877 2307 1044 2342 caballini
1067 2308 1142 2342 sive
1168 2305 1389 2340 Constantini
1414 2304 1484 2337 Co-

68 2355 200 2399 ronymi
235 2366 307 2389 eam
343 2356 481 2390 evertit.
529 2366 616 2400 quae
650 2354 821 2398 hodieque
851 2352 919 2386 illio
940 2353 1067 2387 visitur
1090 2353 1214 2387 musivi
1235 2351 1349 2396 operis
1372 2351 1485 2392 imago

43 2367 117 2444 gei,
152 2401 267 2446 posita
299 2401 366 2435 suit
397 2402 440 2435 ab
468 2402 569 2435 Irene
601 2398 815 2434 Atheniensi.
861 2398 968 2442 prima
998 2405 1112 2432 autem
1146 2398 1201 2431 illa
1233 2408 1335 2430 aerea
1368 2400 1486 2427 statua

46 2457 151 2480 annos
182 2447 250 2481 415
285 2446 333 2480 ibi
366 2447 483 2490 stetit,
518 2447 616 2481 cuius
639 2445 770 2478 virtute
794 2443 912 2478 mulier
933 2444 1108 2489 sanguinis
1129 2442 1302 2489 profluvio
1326 2441 1484 2474 laborans

45 2498 165 2526 sanata
188 2492 256 2525 fuit
279 2497 315 2526 et
338 2492 441 2526 multa
464 2492 530 2527 alia
550 2493 647 2526 facta
670 2491 810 2523 suerunt
832 2489 1005 2526 miracula.

181 2537 292 2571 Locus
315 2543 528 2583 nuncupatus
552 2536 700 2581 Eugenii
723 2536 841 2568 domus
863 2541 940 2570 erat
960 2534 1109 2588 Eugenii
1132 2532 1288 2579 patricii,
1316 2529 1374 2574 qui
1397 2528 1488 2563 vixit

46 2585 197 2628 tempore
218 2583 410 2617 Theodosii
431 2584 563 2628 magni;
586 2587 623 2617 et
646 2586 776 2615 mutata
798 2579 867 2614 fuit
889 2581 932 2615 ab
957 2592 997 2614 eo
1019 2592 1054 2614 ιη
1078 2586 1144 2614 tem
1171 2580 1236 2612 lum
1255 2577 1293 2610 S.
1309 2574 1485 2620 deiparae.

181 2627 359 2673 Templum
384 2630 423 2665 S.
445 2629 605 2674 deiparae
627 2626 901 2671 cognominatum
925 2626 1061 2660 Urbicii
1084 2622 1280 2659 aedificavit
1302 2620 1385 2654 alius
1408 2619 1486 2665 qui-

47 2671 123 2705 dam
143 2672 304 2707 Urbicius
328 2674 494 2719 patricius
518 2680 554 2708 et
577 2674 739 2716 magister
766 2670 904 2705 militum
928 2671 1104 2712 Orientis,
1139 2669 1199 2714 qui
1222 2667 1264 2699 de
1287 2677 1326 2699 re
1348 2665 1486 2699 militari

48 2717 189 2761 scripsit
220 2723 372 2763 tempore
405 2719 578 2754 Anastasii
613 2718 750 2759 Dicori‚
795 2715 860 2751 180
891 2717 988 2750 annis
1020 2722 1100 2761 post
1133 2712 1302 2747 conditam
1337 2711 1484 2757 cpolim.

48 2762 204 2796 domuum
226 2774 309 2797 vero
333 2765 406 2799 eius
431 2775 499 2800 una
521 2770 596 2798 erat
620 2764 655 2797 in
678 2763 820 2806 Tauro,
843 2762 954 2797 altera
975 2763 1011 2796 in
1036 2758 1227 2803 strategio.
