1754 2990
446 125 521 169 AD
556 124 817 170 coDthm
846 126 1050 170 NOTAE.
1369 129 1469 178 257

19 247 132 279 erant
159 254 230 280 seu
257 242 319 281 ad
338 242 470 280 butera
496 243 696 295 iugalium
718 246 905 297 utrinque
918 245 1095 296 funibus
1116 245 1297 299 allegat&
1326 261 1469 301 quam-

19 299 156 337 obrem
194 300 347 338 Latinis
370 300 544 351 funale-9
578 307 618 338 et
642 300 827 351 sanat-ii,
865 303 1025 341 Graecis
1050 299 1247 358 παράοροε
1275 311 1315 343 et
1338 302 1471 361 παρά,-

19 368 143 408 σειροι
170 362 370 395 vocantur.
424 356 553 393 Lm.

129 424 168 462 p.
198 411 253 452 64
277 424 314 450 v.
341 411 383 453 5.
441 408 653 458 σκυτάλαις
678 406 1063 463 ἅποκεφαλίζεσθαι,
1099 411 1177 452 hoc
1205 420 1283 463 est,
1311 417 1470 455 acutia-is

18 467 103 504 sive
140 467 236 505 loris
266 468 380 505 medi
410 482 533 519 usque
557 466 616 504 ad
637 480 780 508 necem.
836 470 936 508 Hist.
964 470 1167 508 miscellae
1195 478 1330 509 auctor
1355 473 1383 511 l.
1411 474 1467 514 22

17 523 336 574 vertit‚·.flag⁷·i3
362 526 499 562 occidi.
555 525 682 565 LAMB.

64 624 66 627 v
126 592 166 631 p.
197 579 250 619 65
279 593 318 621 v.
347 579 387 620 4.
444 579 474 631 ἦ
502 579 623 631 ἱέρεια
650 581 721 630 τῆς
746 574 942 631 Ἀθηνᾶς]
981 582 1116 632 Auges
1149 581 1361 621 sacerdotis
1385 584 1466 622 Mi-

15 647 160 672 nervae
188 642 379 684 statuam,
408 648 509 688 quae
536 638 578 673 iu
607 634 772 674 thermis
798 637 998 687 Zeuxippi
1024 640 1151 688 posita
1175 645 1280 689 erat,
1307 651 1465 679 momo-

16 698 77 729 rat
105 690 382 730 Christodorus
411 699 528 743 poeta
556 690 719 730 Anthol.
747 692 777 728 l.
805 693 846 733 5.
901 695 1027 731 Lm.

93 769 101 774 -
126 761 167 798 p.
194 748 250 789 65
277 761 315 785 v-
347 750 413 788 16.
470 761 610 786 sensus
638 755 716 795 est,
752 755 905 798 partem
932 749 1007 786 sori
1034 749 1283 787 Constantini
1307 763 1465 790 nuncu·

14 809 151 854 putam
192 804 410 853 Horreum,
457 804 551 841 inde
590 818 734 843 nomen
774 802 959 842 habuisse
1001 804 1109 856 quod
1149 807 1366 858 antiquitus
1406 807 1465 845 ibi

13 859 154 897 fuisset
188 857 395 908 horreum,
437 863 548 899 cuius
586 861 672 899 loco
711 867 849 911 postea
885 861 1092 908 columnae
1126 869 1278 900 erectae
1303 869 1395 901 sunt
1423 869 1463 901 et

14 927 129 954 arcus
170 917 371 954 orientalis
411 916 507 964 fori,
558 918 655 955 alias
696 916 823 954 dictus
861 917 1139 963 Amastriani,
1181 931 1299 969 supra
1341 931 1462 971 quem

13 969 265 1022 horologium
297 985 459 1010 aereum
486 973 630 1024 Cyzico
659 973 824 1011 allatum
853 979 892 1010 et
919 974 1125 1024 exemplar
1150 985 1310 1011 aereum
1334 974 1462 1014 modii

13 1029 227 1075 cumulati,
269 1041 292 1065 a
319 1029 595 1067 Valentiniano
623 1030 814 1078 instituti,
857 1035 896 1065 et
924 1028 1026 1066 duae
1052 1041 1194 1068 manus
1222 1042 1357 1068 aereae
1383 1030 1461 1069 hn-

11 1085 83 1122 stis
110 1085 279 1132 infixae,
308 1091 348 1122 et
375 1086 499 1134 ipsius
525 1086 793 1123 Valentiniani
817 1085 1063 1135 imperatoris
1087 1092 1237 1135 statua,
1266 1093 1306 1124 et
1334 1087 1461 1125 simu-

10 1139 164 1178 lacrum
202 1153 363 1189 aereum
398 1141 594 1178 Fortunae
631 1142 739 1179 urbis
769 1142 959 1178 collocata
987 1148 1110 1179 erant.
1166 1142 1216 1179 ab
1244 1154 1359 1181 aereo
1386 1155 1462 1180 au-

10 1202 94 1233 tem
121 1195 256 1234 modio
284 1197 340 1233 ibi
367 1197 497 1247 posito
526 1198 636 1235 locus
665 1198 783 1234 etiam
812 1193 951 1247 μόδιος
979 1198 1041 1233 vel
1070 1194 1211 1247 μόδιον
1239 1199 1460 1250 appellatus

9 1252 100 1291 fuit.
159 1251 300 1304 oiptIov
338 1253 404 1289 vel
440 1251 568 1303 ὅρεῖον
605 1266 677 1304 pro
716 1252 921 1299 horreum,
966 1258 1005 1289 et
1043 1249 1183 1303 μόδιος
1213 1265 1285 1290 seu
1316 1253 1459 1304 μόδιον

8 1322 81 1359 pro
126 1308 259 1346 modio
300 1308 618 1360 frequentissime
657 1314 865 1347 occurrunt
900 1306 1007 1358 apud
1042 1308 1249 1359 scriptores
1286 1309 1460 1348 Graeco-

7 1364 208 1404 barbaros.
263 1366 319 1402 ita
348 1364 491 1402 Suidas
510 1364 660 1411 eadem
689 1364 738 1402 de
766 1378 808 1402 re
834 1364 1002 1415 loquens
1029 1377 1069 1404 v.
1098 1365 1288 1416 Μαναΐμ,
1318 1359 1368 1405 οὗ
1392 1366 1460 1402 in-

8 1422 95 1472 quit
134 1422 215 1472 (sc.
248 1422 422 1471 Μαναῒμ
451 1421 694 1475 στρατηγοῦ)
732 1416 852 1471 στήλη
889 1420 1021 1460 ἵστατο
1058 1418 1101 1460 ἐν
1136 1422 1193 1474 τῷ
1227 1419 1458 1476 καλουμένῳ

7 1475 155 1531 ὁρείῳ,
191 1473 214 1517 3
251 1476 331 1517 ἐστι
367 1473 526 1528 μόδιος·
564 1473 619 1529 ἦν
645 1475 719 1529 yolo
749 1475 910 1527 ὦρεΐον,
948 1475 1049 1516 ἔνθα
1077 1478 1155 1515 νῦν
1180 1475 1332 1516 ἵσταται
1357 1477 1459 1517 κίων

5 1530 84 1584 'too'
112 1536 184 1573 τοῦ
214 1533 327 1573 οἴκου
351 1535 570 1585 Κρατεροῦ.
628 1545 729 1584 quae
756 1531 876 1568 verba
904 1532 960 1568 ita
987 1530 1175 1568 vertenda
1200 1538 1313 1568 sunt:
1343 1534 1458 1570 cuiue

4 1595 138 1626 statua
176 1591 312 1639 posita
358 1596 442 1626 erat
485 1590 530 1625 in
575 1588 659 1626 loco
705 1594 933 1636 nuncupato
975 1587 1129 1623 Hor-reo
1171 1587 1254 1624 sive
1296 1588 1483 1627 Medios

4 1644 186 1682 horreum
207 1647 311 1682 enim
322 1645 430 1696 suit,
457 1643 528 1682 ubi
550 1659 655 1682 nunc
679 1651 757 1680 stat
780 1643 964 1680 columna
987 1649 1078 1678 ante
1104 1642 1263 1678 domum
1290 1643 1453 1681 Crateri.

5 1707 204 1738 caeterum
240 1702 348 1751 quod
378 1700 496 1750 supra
527 1699 614 1736 dixi
641 1701 773 1737 locum
800 1699 1047 1734 nominatum
1075 1698 1274 1734 Horreum
1302 1706 1457 1748 partem

1 1757 127 1794 fuisse
156 1756 233 1792 fori
256 1756 592 1802 Constantiniani,
627 1754 719 1791 inde
749 1754 903 1790 elicitur
930 1751 1035 1803 quod
1061 1751 1235 1791 eodinus
1264 1753 1454 1804 absidem,

4 1825 126 1864 quam
160 1812 216 1848 ibi
253 1813 407 1848 stetisse
446 1813 522 1857 ait,
566 1824 605 1861 p.
634 1811 687 1850 68
714 1822 751 1849 v.
783 1810 808 1849 5
848 1809 1020 1859 appellat
1055 1820 1188 1846 arcum
1222 1810 1454 1848 orientalem

2 1869 80 1907 fori
108 1875 147 1906 et
175 1882 215 1920 p.
242 1866 296 1907 45
325 1881 362 1907 v.
390 1868 418 1906 2
446 1879 580 1903 arcum
609 1866 848 1903 Amastriani
875 1870 1089 1915 nuncupat.
1143 1866 1277 1905 Lan.

114 1939 153 1976 p.
178 1925 232 1965 66
258 1936 294 1961 v,
320 1926 359 1963 7.
418 1922 461 1963 ἐν
485 1925 539 1976 τῷ
565 1920 746 1975 κατωγέφ
774 1920 924 1974 μοόίῳ]
955 1919 1030 1957 hoc
1055 1926 1136 1968 est,
1165 1927 1210 1958 ut
1232 1934 1304 1972 ego
1327 1922 1452 1959 inter-

2 1987 156 2032 pretor,
181 1982 224 2016 in
246 1981 489 2016 concavitate
507 1977 759 2015 subterranea
780 1977 857 2013 loci
876 1978 1098 2026 nuncupati
1114 1978 1247 2016 modii.
1304 1975 1452 2024 ναύτας

1 2049 96 2075 vero
135 2037 366 2087 simpliciter
401 2034 476 2073 hoc
514 2036 600 2072 loco
640 2033 812 2071 eodinus
842 2038 954 2070 vocat
980 2034 1262 2082 negotiatores,
1304 2034 1451 2083 quiex

2 2093 183 2144 Aegypto
219 2091 417 2130 Phoenice
454 2091 569 2143 Syria
605 2097 643 2127 et
672 2091 757 2127 aliis
786 2090 883 2126 locis
910 2090 1181 2126 transmarinis
1209 2089 1451 2125 frumentum

2 2149 160 2200 Cpolim
198 2148 457 2186 advehebant.
515 2159 632 2198 supra
671 2160 712 2197 p.
741 2145 795 2187 45
824 2158 863 2185 v.
893 2146 920 2184 7
949 2157 1014 2183 eos
1043 2145 1216 2195 appellat
1242 2140 1452 2195 ἐμπόρους.

2 2203 176 2256 ἔμπορος
212 2206 318 2242 enim
354 2204 510 2256 proprie
548 2203 760 2254 significat,
802 2207 846 2239 ut
874 2201 929 2238 ait
955 2202 1145 2252 Ulpianus
1172 2198 1450 2238 Demosthenis

0 2261 219 2312 interpres,
247 2259 318 2301 τόν
346 2256 645 2315 πραγματευτήν
670 2256 911 2311 ἄνθρωπον,
940 2255 1010 2297 τὸν
1033 2258 1210 2296 πλοῦντα
1229 2252 1451 2298 θάλασσαν.

2 2317 138 2355 Lim.

113 2386 155 2423 p.
184 2373 238 2413 66
266 2385 305 2410 v.
334 2372 374 2411 9.
428 2371 554 2409 scribe
584 2364 852 2422 ἀμφοτέρους,
882 2381 1025 2420 nempe
1054 2365 1147 2414 τούς
1174 2362 1451 2418 λαμβάνοντας

2 2427 71 2468 καὶ
98 2425 192 2475 τούς
220 2423 414 2474 διδόντας.
470 2429 604 2464 Lim.

36 2520 40 2521 ⁷
113 2498 153 2535 p.
181 2485 234 2524 67
263 2496 301 2523 v.
331 2483 396 2524 15.
453 2479 534 2534 ἅμα
563 2480 629 2531 δὲ]
673 2481 814 2518 rectius
849 2477 936 2520 cod.
969 2480 1054 2516 Vat.
1111 2477 1210 2515 falso
1239 2475 1345 2514 enim
1372 2475 1452 2516 Co-

5 2537 122 2578 dinus
146 2542 360 2590 Asparem,
389 2551 508 2590 quem
533 2543 684 2576 constat
708 2543 862 2587 patrem
885 2535 1005 2573 fuisse
1030 2532 1259 2580 Ardaburii,
1289 2532 1451 2571 fratrem

6 2596 90 2633 eius
123 2597 308 2647 appellat.
365 2594 435 2633 sed
464 2595 677 2631 necessitas
707 2599 745 2630 et
773 2592 925 2630 occasio
955 2591 1079 2640 exigit
1107 2596 1150 2626 ut
1178 2589 1297 2640 paulo
1324 2589 1450 2639 proli-

4 2652 96 2688 xius
138 2664 252 2702 agam
289 2651 338 2689 de
370 2652 528 2703 Asparis
557 2650 722 2687 familia.
777 2650 905 2699 Aspar
931 2649 1069 2698 igitur,
1113 2658 1230 2696 quem
1258 2642 1336 2682 hoc
1362 2645 1450 2684 loeo

5 2706 179 2747 eodinus
218 2720 240 2744 a
277 2709 410 2745 Leone
446 2707 613 2744 Macello
651 2706 928 2755 interemptum
966 2703 1084 2741 fuisse
1114 2702 1188 2750 ait,
1230 2701 1264 2738 is
1294 2707 1353 2738 est
1381 2701 1450 2752 qui

6 2763 146 2802 consul
182 2763 259 2801 fuit
295 2776 386 2802 cum
422 2761 648 2801 Areobindo
686 2773 787 2799 auno
825 2766 916 2812 post
951 2757 1153 2797 christum
1189 2763 1327 2795 natum
1352 2754 1449 2804 431,

63 2822 195 2869 Georg.
226 2823 310 2858 Coa.
340 2824 382 2857 de
413 2822 510 2867 orig.
541 2822 606 2866 Cp.
1124 2808 1177 2852 17
