<?xml version="1.0" encoding="UTF-8"?>
<!DOCTYPE html PUBLIC "-//W3C//DTD XHTML 1.0 Transitional//EN"
    "http://www.w3.org/TR/xhtml1/DTD/xhtml1-transitional.dtd">
<html xmlns="http://www.w3.org/1999/xhtml" xml:lang="en" lang="en">
 <head>
  <title>
</title>
<meta http-equiv="Content-Type" content="text/html;charset=utf-8" />
  <meta name='ocr-system' content='tesseract 3.04.00' />
  <meta name='ocr-capabilities' content='ocr_page ocr_carea ocr_par ocr_line ocrx_word'/>
</head>
<body>
  <div class='ocr_page' id='page_1' title='image "./corpusscriptorum15niebuoft_0257.png"; bbox 0 0 1754 2990; ppageno 0'>
   <div class='ocr_carea' id='block_1_1' title="bbox 417 122 1440 169">
    <p class='ocr_par' dir='ltr' id='par_1_1' title="bbox 417 122 1440 169">
     <span class='ocr_line' id='line_1_1' title="bbox 417 122 1440 169; baseline -0.001 0"><span class='ocrx_word' id='word_1_1' title='bbox 417 126 493 169; x_wconf 82' lang='lat' dir='ltr'><em>AD</em></span> <span class='ocrx_word' id='word_1_2' title='bbox 529 123 787 169; x_wconf 83' lang='lat' dir='ltr'>CODINUM</span> <span class='ocrx_word' id='word_1_3' title='bbox 818 123 1018 167; x_wconf 83' lang='lat' dir='ltr'><strong>NOTAE.</strong></span> <span class='ocrx_word' id='word_1_4' title='bbox 1343 122 1440 169; x_wconf 83' lang='lat'><em>237</em></span> 
     </span>
    </p>
   </div>
   <div class='ocr_carea' id='block_1_2' title="bbox 0 237 1460 2486">
    <p class='ocr_par' dir='ltr' id='par_1_2' title="bbox 0 237 1460 2486">
     <span class='ocr_line' id='line_1_2' title="bbox 0 237 1442 299; baseline -0.008 -9"><span class='ocrx_word' id='word_1_5' title='bbox 0 273 9 290; x_wconf 56' lang='grc' dir='ltr'><em>ι</em></span> <span class='ocrx_word' id='word_1_6' title='bbox 109 261 149 299; x_wconf 88' lang='lat' dir='ltr'><em>p-</em></span> <span class='ocrx_word' id='word_1_7' title='bbox 176 247 229 288; x_wconf 86' lang='lat'><em>37</em></span> <span class='ocrx_word' id='word_1_8' title='bbox 258 258 297 287; x_wconf 75' lang='lat' dir='ltr'><em>V.</em></span> <span class='ocrx_word' id='word_1_9' title='bbox 324 244 365 288; x_wconf 80' lang='lat'><em>6.</em></span> <span class='ocrx_word' id='word_1_10' title='bbox 418 241 656 295; x_wconf 75' lang='grc' dir='ltr'>κοῦντονροι</span> <span class='ocrx_word' id='word_1_11' title='bbox 681 248 722 280; x_wconf 84' lang='lat' dir='ltr'><em>et</em></span> <span class='ocrx_word' id='word_1_12' title='bbox 747 237 947 294; x_wconf 77' lang='grc' dir='ltr'><strong><em>κου’νταρα</em></strong></span> <span class='ocrx_word' id='word_1_13' title='bbox 978 240 1045 280; x_wconf 84' lang='lat' dir='ltr'><em>hio</em></span> <span class='ocrx_word' id='word_1_14' title='bbox 1079 240 1300 292; x_wconf 68' lang='lat' dir='ltr'><em>significant</em></span> <span class='ocrx_word' id='word_1_15' title='bbox 1327 255 1442 293; x_wconf 74' lang='lat' dir='ltr'><em>equos</em></span> 
     </span>
     <span class='ocr_line' id='line_1_3' title="bbox 0 299 1446 354; baseline -0.003 -13"><span class='ocrx_word' id='word_1_16' title='bbox 0 312 140 349; x_wconf 53' lang='lat' dir='ltr'><em>cursus</em></span> <span class='ocrx_word' id='word_1_17' title='bbox 159 301 333 354; x_wconf 75' lang='lat' dir='ltr'><em>publici,</em></span> <span class='ocrx_word' id='word_1_18' title='bbox 357 300 419 338; x_wconf 79' lang='lat' dir='ltr'><em>uti</em></span> <span class='ocrx_word' id='word_1_19' title='bbox 445 302 565 339; x_wconf 81' lang='lat' dir='ltr'><em>etiam</em></span> <span class='ocrx_word' id='word_1_20' title='bbox 589 301 633 336; x_wconf 88' lang='lat' dir='ltr'><em>in</em></span> <span class='ocrx_word' id='word_1_21' title='bbox 659 299 773 336; x_wconf 84' lang='lat' dir='ltr'><em>titulo</em></span> <span class='ocrx_word' id='word_1_22' title='bbox 798 299 851 339; x_wconf 88' lang='lat'><em>17</em></span> <span class='ocrx_word' id='word_1_23' title='bbox 879 300 971 336; x_wconf 89' lang='lat' dir='ltr'>libri</span> <span class='ocrx_word' id='word_1_24' title='bbox 993 299 1046 340; x_wconf 87' lang='lat'><em>57</em></span> <span class='ocrx_word' id='word_1_25' title='bbox 1072 299 1209 350; x_wconf 87' lang='lat' dir='ltr'><em>Eclog.</em></span> <span class='ocrx_word' id='word_1_26' title='bbox 1235 299 1446 347; x_wconf 84' lang='lat' dir='ltr'><em>Basilieon,</em></span> 
     </span>
     <span class='ocr_line' id='line_1_4' title="bbox 0 350 1448 412; baseline -0.002 -15"><span class='ocrx_word' id='word_1_27' title='bbox 0 361 73 412; x_wconf 84' lang='lat' dir='ltr'><em>qui</em></span> <span class='ocrx_word' id='word_1_28' title='bbox 99 361 156 398; x_wconf 87' lang='lat' dir='ltr'><em>ita</em></span> <span class='ocrx_word' id='word_1_29' title='bbox 184 363 394 410; x_wconf 83' lang='lat' dir='ltr'><em>conceptus</em></span> <span class='ocrx_word' id='word_1_30' title='bbox 423 363 503 395; x_wconf 82' lang='lat' dir='ltr'><em>est:</em></span> <span class='ocrx_word' id='word_1_31' title='bbox 544 355 634 408; x_wconf 81' lang='grc' dir='ltr'><em>περὶ</em></span> <span class='ocrx_word' id='word_1_32' title='bbox 661 358 733 395; x_wconf 83' lang='grc' dir='ltr'><em>τοῦ</em></span> <span class='ocrx_word' id='word_1_33' title='bbox 761 356 953 406; x_wconf 79' lang='grc' dir='ltr'><strong><em>δημοσίου</em></strong></span> <span class='ocrx_word' id='word_1_34' title='bbox 982 350 1134 407; x_wconf 82' lang='grc' dir='ltr'><strong><em>δρόμου</em></strong></span> <span class='ocrx_word' id='word_1_35' title='bbox 1161 353 1230 395; x_wconf 80' lang='grc' dir='ltr'><em>καὶ</em></span> <span class='ocrx_word' id='word_1_36' title='bbox 1257 357 1338 394; x_wconf 75' lang='grc' dir='ltr'><strong><em>τοῖν</em></strong></span> <span class='ocrx_word' id='word_1_37' title='bbox 1365 359 1448 402; x_wconf 78' lang='grc' dir='ltr'><strong><em>τοῖς</em></strong></span> 
     </span>
     <span class='ocr_line' id='line_1_5' title="bbox 1 407 1450 468; baseline -0.007 -11"><span class='ocrx_word' id='word_1_38' title='bbox 1 412 236 468; x_wconf 73' lang='grc' dir='ltr'>κοντοῦροις</span> <span class='ocrx_word' id='word_1_39' title='bbox 278 411 503 467; x_wconf 78' lang='grc' dir='ltr'><strong><em>χρωμένων.</em></strong></span> <span class='ocrx_word' id='word_1_40' title='bbox 558 413 603 449; x_wconf 83' lang='lat' dir='ltr'><em>in</em></span> <span class='ocrx_word' id='word_1_41' title='bbox 649 410 737 449; x_wconf 85' lang='lat' dir='ltr'><em>cod.</em></span> <span class='ocrx_word' id='word_1_42' title='bbox 773 412 862 453; x_wconf 82' lang='lat' dir='ltr'><em>vat.</em></span> <span class='ocrx_word' id='word_1_43' title='bbox 902 424 973 463; x_wconf 86' lang='lat' dir='ltr'><em>pro</em></span> <span class='ocrx_word' id='word_1_44' title='bbox 1011 407 1265 462; x_wconf 78' lang='grc' dir='ltr'><strong><em>κουντούρων</em></strong></span> <span class='ocrx_word' id='word_1_45' title='bbox 1304 412 1450 462; x_wconf 83' lang='lat' dir='ltr'><em>legitur</em></span> 
     </span>
     <span class='ocr_line' id='line_1_6' title="bbox 0 467 1450 537; baseline -0.006 -24.816"><span class='ocrx_word' id='word_1_46' title='bbox 0 469 253 525; x_wconf 71' lang='grc' dir='ltr'>κουρσιιὶρων.</span> <span class='ocrx_word' id='word_1_47' title='bbox 305 481 530 537; x_wconf 78' lang='grc' dir='ltr'><strong><em>κουρσωρες</em></strong></span> <span class='ocrx_word' id='word_1_48' title='bbox 570 474 702 505; x_wconf 86' lang='lat' dir='ltr'><em>autem</em></span> <span class='ocrx_word' id='word_1_49' title='bbox 743 467 901 504; x_wconf 83' lang='lat' dir='ltr'><em>Graecis</em></span> <span class='ocrx_word' id='word_1_50' title='bbox 943 467 1223 506; x_wconf 86' lang='lat' dir='ltr'><em>recentioribus</em></span> <span class='ocrx_word' id='word_1_51' title='bbox 1260 474 1450 505; x_wconf 85' lang='lat' dir='ltr'><em>vocantur</em></span> 
     </span>
     <span class='ocr_line' id='line_1_7' title="bbox 1 518 1450 576; baseline -0.003 -11"><span class='ocrx_word' id='word_1_52' title='bbox 1 529 157 565; x_wconf 80' lang='lat' dir='ltr'><em>nuntii.-</em></span> <span class='ocrx_word' id='word_1_53' title='bbox 185 525 344 565; x_wconf 80' lang='lat' dir='ltr'><em>videtur</em></span> <span class='ocrx_word' id='word_1_54' title='bbox 370 538 462 575; x_wconf 88' lang='lat' dir='ltr'><em>ergo</em></span> <span class='ocrx_word' id='word_1_55' title='bbox 492 522 522 576; x_wconf 76' lang='grc' dir='ltr'><em>ἦ</em></span> <span class='ocrx_word' id='word_1_56' title='bbox 549 518 699 576; x_wconf 78' lang='grc' dir='ltr'><strong><em>ἆλλαγή</em></strong></span> <span class='ocrx_word' id='word_1_57' title='bbox 727 525 806 563; x_wconf 78' lang='grc' dir='ltr'><strong><em>τῶν</em></strong></span> <span class='ocrx_word' id='word_1_58' title='bbox 832 520 1073 576; x_wconf 70' lang='grc' dir='ltr'><strong><em>κουρσαῖρων</em></strong></span> <span class='ocrx_word' id='word_1_59' title='bbox 1102 522 1337 576; x_wconf 84' lang='lat' dir='ltr'><em>exponenda</em></span> <span class='ocrx_word' id='word_1_60' title='bbox 1365 537 1450 562; x_wconf 88' lang='lat' dir='ltr'><em>esse</em></span> 
     </span>
     <span class='ocr_line' id='line_1_8' title="bbox 0 579 1451 632; baseline -0.003 -11"><span class='ocrx_word' id='word_1_61' title='bbox 0 585 136 630; x_wconf 70' lang='lat' dir='ltr'><em>statio,</em></span> <span class='ocrx_word' id='word_1_62' title='bbox 172 583 243 620; x_wconf 90' lang='lat' dir='ltr'><em>ubi</em></span> <span class='ocrx_word' id='word_1_63' title='bbox 270 594 447 620; x_wconf 85' lang='lat' dir='ltr'><em>cursores</em></span> <span class='ocrx_word' id='word_1_64' title='bbox 474 594 546 618; x_wconf 89' lang='lat' dir='ltr'><em>seu</em></span> <span class='ocrx_word' id='word_1_65' title='bbox 572 580 703 618; x_wconf 87' lang='lat' dir='ltr'><em>nuntii</em></span> <span class='ocrx_word' id='word_1_66' title='bbox 730 592 852 631; x_wconf 84' lang='lat' dir='ltr'><em>equos</em></span> <span class='ocrx_word' id='word_1_67' title='bbox 880 581 1099 623; x_wconf 80' lang='lat' dir='ltr'><strong>mutabant,</strong></span> <span class='ocrx_word' id='word_1_68' title='bbox 1154 593 1236 618; x_wconf 88' lang='lat' dir='ltr'><em>non</em></span> <span class='ocrx_word' id='word_1_69' title='bbox 1265 579 1451 632; x_wconf 83' lang='lat' dir='ltr'>equidem</span> 
     </span>
     <span class='ocr_line' id='line_1_9' title="bbox 0 631 1451 688; baseline -0.002 -9"><span class='ocrx_word' id='word_1_70' title='bbox 0 631 79 679; x_wconf 73' lang='lat' dir='ltr'><em>hoc</em></span> <span class='ocrx_word' id='word_1_71' title='bbox 114 638 331 678; x_wconf 89' lang='lat' dir='ltr'><em>absurdum</em></span> <span class='ocrx_word' id='word_1_72' title='bbox 366 644 446 686; x_wconf 86' lang='lat' dir='ltr'><em>est,</em></span> <span class='ocrx_word' id='word_1_73' title='bbox 483 636 554 675; x_wconf 90' lang='lat' dir='ltr'><em>sed</em></span> <span class='ocrx_word' id='word_1_74' title='bbox 587 643 722 674; x_wconf 89' lang='lat' dir='ltr'><em>tamen</em></span> <span class='ocrx_word' id='word_1_75' title='bbox 754 638 883 687; x_wconf 85' lang='lat' dir='ltr'><em>magis</em></span> <span class='ocrx_word' id='word_1_76' title='bbox 918 634 1019 673; x_wconf 86' lang='lat' dir='ltr'><em>mihi</em></span> <span class='ocrx_word' id='word_1_77' title='bbox 1045 637 1175 688; x_wconf 87' lang='lat' dir='ltr'><em>placet</em></span> <span class='ocrx_word' id='word_1_78' title='bbox 1201 643 1247 674; x_wconf 91' lang='lat' dir='ltr'><em>ut</em></span> <span class='ocrx_word' id='word_1_79' title='bbox 1272 650 1343 688; x_wconf 84' lang='lat' dir='ltr'><em>pro</em></span> <span class='ocrx_word' id='word_1_80' title='bbox 1371 639 1451 676; x_wconf 77' lang='grc' dir='ltr'><strong><em>τῶν</em></strong></span> 
     </span>
     <span class='ocr_line' id='line_1_10' title="bbox 0 690 1450 758; baseline -0.003 -20.997"><span class='ocrx_word' id='word_1_81' title='bbox 0 692 243 748; x_wconf 60' lang='grc' dir='ltr'>ιιονρσωρων</span> <span class='ocrx_word' id='word_1_82' title='bbox 272 694 464 733; x_wconf 80' lang='lat' dir='ltr'><strong>scribatur</strong></span> <span class='ocrx_word' id='word_1_83' title='bbox 489 695 568 733; x_wconf 83' lang='grc' dir='ltr'><strong><em>τῶν</em></strong></span> <span class='ocrx_word' id='word_1_84' title='bbox 595 693 873 744; x_wconf 81' lang='grc' dir='ltr'><strong><em>κουρσωρίων,</em></strong></span> <span class='ocrx_word' id='word_1_85' title='bbox 901 692 1098 730; x_wconf 76' lang='lat' dir='ltr'><em>scilicet“</em></span> <span class='ocrx_word' id='word_1_86' title='bbox 1079 708 1213 733; x_wconf 84' lang='grc' dir='ltr'>ιππων</span> <span class='ocrx_word' id='word_1_87' title='bbox 1237 694 1304 731; x_wconf 82' lang='lat' dir='ltr'><em>vel</em></span> <span class='ocrx_word' id='word_1_88' title='bbox 1330 690 1450 758; x_wconf 66' lang='lat' dir='ltr'>{100va</span> 
     </span>
     <span class='ocr_line' id='line_1_11' title="bbox 0 747 1454 804; baseline -0.004 -12"><span class='ocrx_word' id='word_1_89' title='bbox 0 751 120 792; x_wconf 71' lang='grc' dir='ltr'>ἵπποι</span> <span class='ocrx_word' id='word_1_90' title='bbox 145 749 382 804; x_wconf 74' lang='grc' dir='ltr'>κουρσαίριοι</span> <span class='ocrx_word' id='word_1_91' title='bbox 409 763 481 788; x_wconf 88' lang='lat' dir='ltr'><em>seu</em></span> <span class='ocrx_word' id='word_1_92' title='bbox 509 750 599 800; x_wconf 79' lang='lat' dir='ltr'><em>equi</em></span> <span class='ocrx_word' id='word_1_93' title='bbox 625 751 790 786; x_wconf 84' lang='lat' dir='ltr'><em>cursorii</em></span> <span class='ocrx_word' id='word_1_94' title='bbox 815 747 996 786; x_wconf 85' lang='lat' dir='ltr'><em>dicuntur</em></span> <span class='ocrx_word' id='word_1_95' title='bbox 1021 749 1114 800; x_wconf 88' lang='lat' dir='ltr'><em>equi</em></span> <span class='ocrx_word' id='word_1_96' title='bbox 1137 749 1297 800; x_wconf 86' lang='lat' dir='ltr'><em>publico</em></span> <span class='ocrx_word' id='word_1_97' title='bbox 1322 749 1454 786; x_wconf 84' lang='lat' dir='ltr'><em>cursui</em></span> 
     </span>
     <span class='ocr_line' id='line_1_12' title="bbox 3 803 1453 856; baseline -0.001 -11"><span class='ocrx_word' id='word_1_98' title='bbox 3 806 201 847; x_wconf 85' lang='lat' dir='ltr'><em>destinati.</em></span> <span class='ocrx_word' id='word_1_99' title='bbox 255 809 299 844; x_wconf 92' lang='grc' dir='ltr'><em>1ιι</em></span> <span class='ocrx_word' id='word_1_100' title='bbox 325 805 412 844; x_wconf 87' lang='lat' dir='ltr'><em>cod.</em></span> <span class='ocrx_word' id='word_1_101' title='bbox 442 804 600 843; x_wconf 87' lang='lat' dir='ltr'><em>Theod.</em></span> <span class='ocrx_word' id='word_1_102' title='bbox 631 806 881 856; x_wconf 81' lang='lat' dir='ltr'>appellantur</span> <span class='ocrx_word' id='word_1_103' title='bbox 907 806 998 856; x_wconf 85' lang='lat' dir='ltr'><em>equi</em></span> <span class='ocrx_word' id='word_1_104' title='bbox 1023 804 1242 850; x_wconf 75' lang='lat' dir='ltr'><em>cursuales,</em></span> <span class='ocrx_word' id='word_1_105' title='bbox 1280 812 1319 842; x_wconf 89' lang='lat' dir='ltr'><em>et</em></span> <span class='ocrx_word' id='word_1_106' title='bbox 1347 803 1453 855; x_wconf 84' lang='lat' dir='ltr'><em>apud</em></span> 
     </span>
     <span class='ocr_line' id='line_1_13' title="bbox 0 858 1454 914; baseline -0.002 -12.992"><span class='ocrx_word' id='word_1_107' title='bbox 0 861 174 902; x_wconf 83' lang='lat' dir='ltr'><em>Graecos</em></span> <span class='ocrx_word' id='word_1_108' title='bbox 199 865 297 902; x_wconf 84' lang='lat' dir='ltr'><em>iuris</em></span> <span class='ocrx_word' id='word_1_109' title='bbox 324 869 503 900; x_wconf 80' lang='lat' dir='ltr'>auctores</span> <span class='ocrx_word' id='word_1_110' title='bbox 532 864 610 910; x_wconf 83' lang='grc' dir='ltr'><em>ζωα</em></span> <span class='ocrx_word' id='word_1_111' title='bbox 638 858 818 914; x_wconf 74' lang='grc' dir='ltr'>δρομικοί.</span> <span class='ocrx_word' id='word_1_112' title='bbox 877 862 1040 899; x_wconf 85' lang='lat' dir='ltr'><em>cursorii</em></span> <span class='ocrx_word' id='word_1_113' title='bbox 1068 867 1202 898; x_wconf 86' lang='lat' dir='ltr'><em>autem</em></span> <span class='ocrx_word' id='word_1_114' title='bbox 1223 862 1454 912; x_wconf 87' lang='lat' dir='ltr'><em>simpliciter</em></span> 
     </span>
     <span class='ocr_line' id='line_1_14' title="bbox 0 915 1451 982; baseline -0.003 -24"><span class='ocrx_word' id='word_1_115' title='bbox 0 917 71 959; x_wconf 80' lang='lat' dir='ltr'><em>&#39;hio</em></span> <span class='ocrx_word' id='word_1_116' title='bbox 99 918 283 957; x_wconf 81' lang='lat' dir='ltr'><em>dicuntur</em></span> <span class='ocrx_word' id='word_1_117' title='bbox 308 933 380 971; x_wconf 88' lang='lat' dir='ltr'><em>pro</em></span> <span class='ocrx_word' id='word_1_118' title='bbox 409 919 592 956; x_wconf 83' lang='lat' dir='ltr'><em>cursoriis</em></span> <span class='ocrx_word' id='word_1_119' title='bbox 620 918 747 969; x_wconf 78' lang='lat' dir='ltr'><em>equis,</em></span> <span class='ocrx_word' id='word_1_120' title='bbox 783 924 827 954; x_wconf 87' lang='lat' dir='ltr'><em>ut</em></span> <span class='ocrx_word' id='word_1_121' title='bbox 853 916 959 982; x_wconf 88' lang='lat' dir='ltr'><em>apud</em></span> <span class='ocrx_word' id='word_1_122' title='bbox 986 915 1195 954; x_wconf 85' lang='lat' dir='ltr'><em>Sidonium</em></span> <span class='ocrx_word' id='word_1_123' title='bbox 1223 931 1285 968; x_wconf 86' lang='lat' dir='ltr'><em>ep.</em></span> <span class='ocrx_word' id='word_1_124' title='bbox 1316 919 1340 959; x_wconf 86' lang='lat'>5</span> <span class='ocrx_word' id='word_1_125' title='bbox 1369 918 1394 954; x_wconf 90' lang='lat' dir='ltr'><em>l.</em></span> <span class='ocrx_word' id='word_1_126' title='bbox 1427 918 1451 956; x_wconf 89' lang='lat'>1</span> 
     </span>
     <span class='ocr_line' id='line_1_15' title="bbox 0 972 1456 1027; baseline -0.002 -15"><span class='ocrx_word' id='word_1_127' title='bbox 0 978 182 1014; x_wconf 72' lang='lat' dir='ltr'><em>J‘cursoria</em></span> <span class='ocrx_word' id='word_1_128' title='bbox 219 989 290 1027; x_wconf 90' lang='lat' dir='ltr'><em>pro</em></span> <span class='ocrx_word' id='word_1_129' title='bbox 327 988 425 1012; x_wconf 84' lang='lat' dir='ltr'><em>nave</em></span> <span class='ocrx_word' id='word_1_130' title='bbox 464 974 635 1012; x_wconf 82' lang='lat' dir='ltr'><em>cursoria</em></span> <span class='ocrx_word' id='word_1_131' title='bbox 663 987 734 1011; x_wconf 92' lang='lat' dir='ltr'><em>seu</em></span> <span class='ocrx_word' id='word_1_132' title='bbox 762 974 893 1011; x_wconf 85' lang='lat' dir='ltr'><em>cursui</em></span> <span class='ocrx_word' id='word_1_133' title='bbox 919 973 1078 1025; x_wconf 89' lang='lat' dir='ltr'><em>publico</em></span> <span class='ocrx_word' id='word_1_134' title='bbox 1104 973 1302 1010; x_wconf 84' lang='lat' dir='ltr'><em>maritimo</em></span> <span class='ocrx_word' id='word_1_135' title='bbox 1332 972 1456 1010; x_wconf 84' lang='lat' dir='ltr'><em>desti-</em></span> 
     </span>
     <span class='ocr_line' id='line_1_16' title="bbox 0 1023 1450 1127; baseline -0.003 -58"><span class='ocrx_word' id='word_1_136' title='bbox 0 1023 118 1127; x_wconf 47' lang='lat' dir='ltr'><em>{atat</em></span> <span class='ocrx_word' id='word_1_137' title='bbox 165 1032 311 1078; x_wconf 64' lang='lat' dir='ltr'><em>Ticini,</em></span> <span class='ocrx_word' id='word_1_138' title='bbox 337 1032 486 1084; x_wconf 85' lang='lat' dir='ltr'><em>inquit,</em></span> <span class='ocrx_word' id='word_1_139' title='bbox 524 1031 738 1068; x_wconf 78' lang='lat' dir='ltr'><em>cursoriam</em></span> <span class='ocrx_word' id='word_1_140' title='bbox 774 1030 856 1082; x_wconf 84' lang='lat' dir='ltr'><em>(sio</em></span> <span class='ocrx_word' id='word_1_141' title='bbox 883 1031 1041 1081; x_wconf 77' lang='lat' dir='ltr'><em>navigio</em></span> <span class='ocrx_word' id='word_1_142' title='bbox 1067 1029 1242 1080; x_wconf 88' lang='lat' dir='ltr'><em>nomen)</em></span> <span class='ocrx_word' id='word_1_143' title='bbox 1276 1027 1450 1066; x_wconf 77' lang='lat' dir='ltr'><em>ascendi.</em></span> 
     </span>
     <span class='ocr_line' id='line_1_17' title="bbox 0 1100 138 1126; baseline -0.022 1"><span class='ocrx_word' id='word_1_144' title='bbox 0 1108 3 1116; x_wconf 41' lang='grc' dir='ltr'><em>ι</em></span> <span class='ocrx_word' id='word_1_145' title='bbox 40 1100 138 1126; x_wconf 73' lang='grc' dir='ltr'><strong><em>ΑΜΒ.</em></strong></span> 
     </span>
     <span class='ocr_line' id='line_1_18' title="bbox 5 1137 1455 1198; baseline -0.006 -13"><span class='ocrx_word' id='word_1_146' title='bbox 5 1196 9 1198; x_wconf 36' lang='grc'>-</span> <span class='ocrx_word' id='word_1_147' title='bbox 117 1157 160 1196; x_wconf 90' lang='grc' dir='ltr'><em>Ρ.</em></span> <span class='ocrx_word' id='word_1_148' title='bbox 187 1143 241 1184; x_wconf 86' lang='grc'><em>37</em></span> <span class='ocrx_word' id='word_1_149' title='bbox 270 1155 306 1181; x_wconf 73' lang='lat' dir='ltr'><em>v.</em></span> <span class='ocrx_word' id='word_1_150' title='bbox 334 1141 372 1183; x_wconf 87' lang='lat'><em>5.</em></span> <span class='ocrx_word' id='word_1_151' title='bbox 426 1137 690 1194; x_wconf 80' lang='grc' dir='ltr'><strong><em>η’ντζοκόπησε</em></strong></span> <span class='ocrx_word' id='word_1_152' title='bbox 715 1139 764 1182; x_wconf 76' lang='grc' dir='ltr'><em>τοὶ</em></span> <span class='ocrx_word' id='word_1_153' title='bbox 788 1137 1034 1194; x_wconf 82' lang='grc' dir='ltr'><strong><em>κου’ντουρα]</em></strong></span> <span class='ocrx_word' id='word_1_154' title='bbox 1064 1154 1202 1179; x_wconf 86' lang='lat' dir='ltr'><em>sensus</em></span> <span class='ocrx_word' id='word_1_155' title='bbox 1221 1140 1340 1179; x_wconf 91' lang='lat' dir='ltr'><em>huius</em></span> <span class='ocrx_word' id='word_1_156' title='bbox 1363 1142 1455 1188; x_wconf 84' lang='lat' dir='ltr'><em>loci,</em></span> 
     </span>
     <span class='ocr_line' id='line_1_19' title="bbox 0 1196 1456 1254; baseline -0.003 -16"><span class='ocrx_word' id='word_1_157' title='bbox 0 1201 202 1254; x_wconf 66' lang='lat' dir='ltr'><em>{quantum</em></span> <span class='ocrx_word' id='word_1_158' title='bbox 230 1200 452 1238; x_wconf 84' lang='lat' dir='ltr'><em>coniectura</em></span> <span class='ocrx_word' id='word_1_159' title='bbox 478 1199 636 1250; x_wconf 84' lang='lat' dir='ltr'><em>assequi</em></span> <span class='ocrx_word' id='word_1_160' title='bbox 662 1211 844 1248; x_wconf 88' lang='lat' dir='ltr'><em>possum,</em></span> <span class='ocrx_word' id='word_1_161' title='bbox 872 1199 907 1235; x_wconf 89' lang='lat' dir='ltr'><em>is</em></span> <span class='ocrx_word' id='word_1_162' title='bbox 933 1205 1013 1243; x_wconf 89' lang='lat' dir='ltr'><em>est,</em></span> <span class='ocrx_word' id='word_1_163' title='bbox 1041 1196 1216 1234; x_wconf 88' lang='lat' dir='ltr'><em>Phocam</em></span> <span class='ocrx_word' id='word_1_164' title='bbox 1242 1205 1456 1248; x_wconf 85' lang='lat' dir='ltr'><em>tyrannum</em></span> 
     </span>
     <span class='ocr_line' id='line_1_20' title="bbox 0 1254 1458 1309; baseline -0.003 -15"><span class='ocrx_word' id='word_1_165' title='bbox 0 1266 128 1309; x_wconf 61' lang='grc' dir='ltr'>ηιιιιιιι</span> <span class='ocrx_word' id='word_1_166' title='bbox 163 1258 296 1293; x_wconf 88' lang='lat' dir='ltr'><em>nescio</em></span> <span class='ocrx_word' id='word_1_167' title='bbox 334 1255 384 1292; x_wconf 90' lang='lat' dir='ltr'><em>ob</em></span> <span class='ocrx_word' id='word_1_168' title='bbox 423 1267 580 1291; x_wconf 83' lang='lat' dir='ltr'><em>causam</em></span> <span class='ocrx_word' id='word_1_169' title='bbox 617 1254 680 1290; x_wconf 82' lang='grc' dir='ltr'><em>ΟΡ</em></span> <span class='ocrx_word' id='word_1_170' title='bbox 717 1254 959 1304; x_wconf 78' lang='lat' dir='ltr'><em>profuoisse,</em></span> <span class='ocrx_word' id='word_1_171' title='bbox 998 1259 1058 1301; x_wconf 84' lang='lat' dir='ltr'><em>et,</em></span> <span class='ocrx_word' id='word_1_172' title='bbox 1099 1259 1142 1289; x_wconf 87' lang='lat' dir='ltr'><em>ut</em></span> <span class='ocrx_word' id='word_1_173' title='bbox 1174 1254 1224 1290; x_wconf 85' lang='lat' dir='ltr'><em>iis</em></span> <span class='ocrx_word' id='word_1_174' title='bbox 1260 1254 1329 1304; x_wconf 90' lang='lat' dir='ltr'><em>qui</em></span> <span class='ocrx_word' id='word_1_175' title='bbox 1365 1266 1458 1290; x_wconf 87' lang='lat' dir='ltr'><em>eum</em></span> 
     </span>
     <span class='ocr_line' id='line_1_21' title="bbox 0 1309 1456 1364; baseline -0.003 -14"><span class='ocrx_word' id='word_1_176' title='bbox 0 1310 316 1364; x_wconf 46' lang='lat' dir='ltr'><em>&amp;insequebantur</em></span> <span class='ocrx_word' id='word_1_177' title='bbox 341 1311 562 1362; x_wconf 82' lang='lat' dir='ltr'><strong>fugientem</strong></span> <span class='ocrx_word' id='word_1_178' title='bbox 590 1310 827 1358; x_wconf 78' lang='lat' dir='ltr'><em>elaberetur,</em></span> <span class='ocrx_word' id='word_1_179' title='bbox 858 1310 977 1361; x_wconf 64' lang='lat' dir='ltr'><em>equis</em></span> <span class='ocrx_word' id='word_1_180' title='bbox 998 1309 1179 1346; x_wconf 82' lang='lat' dir='ltr'><em>cursoriis</em></span> <span class='ocrx_word' id='word_1_181' title='bbox 1205 1322 1274 1347; x_wconf 90' lang='lat' dir='ltr'><em>seu</em></span> <span class='ocrx_word' id='word_1_182' title='bbox 1297 1309 1456 1360; x_wconf 88' lang='lat' dir='ltr'><em>publico</em></span> 
     </span>
     <span class='ocr_line' id='line_1_22' title="bbox 0 1363 1456 1431; baseline -0.003 -24.989"><span class='ocrx_word' id='word_1_183' title='bbox 0 1370 141 1406; x_wconf 71' lang='lat' dir='ltr'><em>-cursui</em></span> <span class='ocrx_word' id='word_1_184' title='bbox 169 1367 374 1406; x_wconf 83' lang='lat' dir='ltr'><em>destinatis</em></span> <span class='ocrx_word' id='word_1_185' title='bbox 402 1380 543 1404; x_wconf 82' lang='lat' dir='ltr'><em>nervos</em></span> <span class='ocrx_word' id='word_1_186' title='bbox 571 1365 777 1414; x_wconf 81' lang='lat' dir='ltr'><strong>incidisse,</strong></span> <span class='ocrx_word' id='word_1_187' title='bbox 805 1373 1020 1431; x_wconf 83' lang='lat' dir='ltr'><em>posteaque</em></span> <span class='ocrx_word' id='word_1_188' title='bbox 1046 1365 1088 1401; x_wconf 90' lang='lat' dir='ltr'><em>in</em></span> <span class='ocrx_word' id='word_1_189' title='bbox 1115 1365 1256 1402; x_wconf 88' lang='lat' dir='ltr'><em>urbem</em></span> <span class='ocrx_word' id='word_1_190' title='bbox 1281 1363 1456 1412; x_wconf 84' lang='lat' dir='ltr'><em>rediisse,</em></span> 
     </span>
     <span class='ocr_line' id='line_1_23' title="bbox 3 1422 1456 1477; baseline -0.003 -14"><span class='ocrx_word' id='word_1_191' title='bbox 3 1426 254 1477; x_wconf 79' lang='lat' dir='ltr'><em>imperioque</em></span> <span class='ocrx_word' id='word_1_192' title='bbox 290 1425 461 1475; x_wconf 78' lang='lat' dir='ltr'><em>potitum</em></span> <span class='ocrx_word' id='word_1_193' title='bbox 483 1422 539 1460; x_wconf 89' lang='lat' dir='ltr'><em>ad</em></span> <span class='ocrx_word' id='word_1_194' title='bbox 565 1430 795 1474; x_wconf 82' lang='lat' dir='ltr'><em>perpetuam</em></span> <span class='ocrx_word' id='word_1_195' title='bbox 825 1423 909 1459; x_wconf 83' lang='lat' dir='ltr'><em>eius</em></span> <span class='ocrx_word' id='word_1_196' title='bbox 937 1422 995 1459; x_wconf 91' lang='lat' dir='ltr'><em>rei</em></span> <span class='ocrx_word' id='word_1_197' title='bbox 1019 1422 1255 1458; x_wconf 82' lang='lat' dir='ltr'><em>memoriam</em></span> <span class='ocrx_word' id='word_1_198' title='bbox 1283 1422 1456 1458; x_wconf 83' lang='lat' dir='ltr'><em>erexisse</em></span> 
     </span>
     <span class='ocr_line' id='line_1_24' title="bbox 1 1478 1458 1534; baseline -0.003 -14.972"><span class='ocrx_word' id='word_1_199' title='bbox 1 1481 107 1520; x_wconf 80' lang='lat' dir='ltr'><em>duas</em></span> <span class='ocrx_word' id='word_1_200' title='bbox 137 1493 328 1534; x_wconf 89' lang='lat' dir='ltr'><em>equorum</em></span> <span class='ocrx_word' id='word_1_201' title='bbox 354 1487 527 1529; x_wconf 84' lang='lat' dir='ltr'><em>statuas,</em></span> <span class='ocrx_word' id='word_1_202' title='bbox 574 1480 717 1531; x_wconf 88' lang='lat' dir='ltr'><em>quibus</em></span> <span class='ocrx_word' id='word_1_203' title='bbox 746 1480 858 1516; x_wconf 80' lang='lat' dir='ltr'><em>nervi</em></span> <span class='ocrx_word' id='word_1_204' title='bbox 885 1478 1054 1515; x_wconf 82' lang='lat' dir='ltr'><em>crurales</em></span> <span class='ocrx_word' id='word_1_205' title='bbox 1082 1478 1197 1515; x_wconf 87' lang='lat' dir='ltr'><em>incisi</em></span> <span class='ocrx_word' id='word_1_206' title='bbox 1225 1484 1377 1526; x_wconf 88' lang='lat' dir='ltr'><em>essent,</em></span> <span class='ocrx_word' id='word_1_207' title='bbox 1418 1484 1458 1514; x_wconf 84' lang='lat' dir='ltr'><em>et</em></span> 
     </span>
     <span class='ocr_line' id='line_1_25' title="bbox 0 1532 1456 1576; baseline -0.003 -0.972"><span class='ocrx_word' id='word_1_208' title='bbox 0 1538 145 1576; x_wconf 84' lang='lat' dir='ltr'><em>-looum</em></span> <span class='ocrx_word' id='word_1_209' title='bbox 181 1538 230 1574; x_wconf 90' lang='lat' dir='ltr'><em>ab</em></span> <span class='ocrx_word' id='word_1_210' title='bbox 265 1538 315 1575; x_wconf 90' lang='lat' dir='ltr'><em>iis</em></span> <span class='ocrx_word' id='word_1_211' title='bbox 351 1535 624 1574; x_wconf 84' lang='lat' dir='ltr'><em>denominasse</em></span> <span class='ocrx_word' id='word_1_212' title='bbox 659 1535 852 1575; x_wconf 76' lang='grc' dir='ltr'>διίππιον.</span> <span class='ocrx_word' id='word_1_213' title='bbox 908 1532 979 1571; x_wconf 86' lang='lat' dir='ltr'><em>sed</em></span> <span class='ocrx_word' id='word_1_214' title='bbox 1005 1545 1143 1570; x_wconf 86' lang='lat' dir='ltr'><em>vereor</em></span> <span class='ocrx_word' id='word_1_215' title='bbox 1168 1546 1219 1570; x_wconf 89' lang='lat' dir='ltr'><em>ne</em></span> <span class='ocrx_word' id='word_1_216' title='bbox 1247 1545 1318 1571; x_wconf 85' lang='lat' dir='ltr'><em>suo</em></span> <span class='ocrx_word' id='word_1_217' title='bbox 1346 1546 1456 1570; x_wconf 88' lang='lat' dir='ltr'><em>more</em></span> 
     </span>
     <span class='ocr_line' id='line_1_26' title="bbox 0 1587 1456 1644; baseline -0.004 -11.967"><span class='ocrx_word' id='word_1_218' title='bbox 0 1593 184 1632; x_wconf 71' lang='lat' dir='ltr'><em>eodinus</em></span> <span class='ocrx_word' id='word_1_219' title='bbox 212 1591 386 1631; x_wconf 86' lang='lat' dir='ltr'><em>Phocam</em></span> <span class='ocrx_word' id='word_1_220' title='bbox 412 1599 625 1644; x_wconf 84' lang='lat' dir='ltr'><em>tyrannum</em></span> <span class='ocrx_word' id='word_1_221' title='bbox 654 1589 869 1629; x_wconf 83' lang='lat' dir='ltr'><em>confundat</em></span> <span class='ocrx_word' id='word_1_222' title='bbox 892 1603 984 1626; x_wconf 87' lang='lat' dir='ltr'><em>cum</em></span> <span class='ocrx_word' id='word_1_223' title='bbox 1006 1587 1136 1626; x_wconf 89' lang='lat' dir='ltr'><em>Barda</em></span> <span class='ocrx_word' id='word_1_224' title='bbox 1159 1587 1309 1636; x_wconf 87' lang='lat' dir='ltr'><em>Phoca,</em></span> <span class='ocrx_word' id='word_1_225' title='bbox 1338 1590 1456 1626; x_wconf 84' lang='lat' dir='ltr'><em>Nice-</em></span> 
     </span>
     <span class='ocr_line' id='line_1_27' title="bbox 0 1644 1456 1702; baseline -0.001 -17"><span class='ocrx_word' id='word_1_226' title='bbox 0 1644 126 1702; x_wconf 50' lang='lat' dir='ltr'><em>{photi</em></span> <span class='ocrx_word' id='word_1_227' title='bbox 162 1647 317 1687; x_wconf 85' lang='lat' dir='ltr'><em>Phocae</em></span> <span class='ocrx_word' id='word_1_228' title='bbox 352 1649 597 1699; x_wconf 83' lang='lat' dir='ltr'><em>imperatoris</em></span> <span class='ocrx_word' id='word_1_229' title='bbox 632 1654 796 1698; x_wconf 86' lang='lat' dir='ltr'><em>nepote,</em></span> <span class='ocrx_word' id='word_1_230' title='bbox 840 1647 952 1682; x_wconf 89' lang='lat' dir='ltr'><em>cuius</em></span> <span class='ocrx_word' id='word_1_231' title='bbox 981 1645 1169 1681; x_wconf 86' lang='lat' dir='ltr'><em>exsilium</em></span> <span class='ocrx_word' id='word_1_232' title='bbox 1196 1652 1234 1681; x_wconf 86' lang='lat' dir='ltr'><em>et</em></span> <span class='ocrx_word' id='word_1_233' title='bbox 1261 1644 1456 1683; x_wconf 78' lang='lat' dir='ltr'><em>affectatio</em></span> 
     </span>
     <span class='ocr_line' id='line_1_28' title="bbox 0 1698 1456 1757; baseline -0.003 -13.976"><span class='ocrx_word' id='word_1_234' title='bbox 0 1707 167 1757; x_wconf 82' lang='lat' dir='ltr'><em>..imperii</em></span> <span class='ocrx_word' id='word_1_235' title='bbox 194 1704 488 1756; x_wconf 89' lang='lat' dir='ltr'><em>quodammodo</em></span> <span class='ocrx_word' id='word_1_236' title='bbox 515 1704 628 1754; x_wconf 88' lang='lat' dir='ltr'><em>quasi</em></span> <span class='ocrx_word' id='word_1_237' title='bbox 654 1703 795 1739; x_wconf 88' lang='lat' dir='ltr'><em>umbra</em></span> <span class='ocrx_word' id='word_1_238' title='bbox 821 1707 912 1738; x_wconf 87' lang='lat' dir='ltr'><em>sunt</em></span> <span class='ocrx_word' id='word_1_239' title='bbox 938 1698 1057 1737; x_wconf 85' lang='lat' dir='ltr'><em>huius</em></span> <span class='ocrx_word' id='word_1_240' title='bbox 1085 1700 1243 1736; x_wconf 86' lang='lat' dir='ltr'><em>fabulae</em></span> <span class='ocrx_word' id='word_1_241' title='bbox 1272 1699 1320 1736; x_wconf 85' lang='lat' dir='ltr'><em>de</em></span> <span class='ocrx_word' id='word_1_242' title='bbox 1347 1700 1456 1738; x_wconf 89' lang='lat' dir='ltr'><em>Pho-</em></span> 
     </span>
     <span class='ocr_line' id='line_1_29' title="bbox 0 1754 1453 1813; baseline -0.003 -14.969"><span class='ocrx_word' id='word_1_243' title='bbox 0 1775 81 1799; x_wconf 83' lang='lat' dir='ltr'><em>eae</em></span> <span class='ocrx_word' id='word_1_244' title='bbox 108 1761 266 1813; x_wconf 81' lang='lat' dir='ltr'><em>tyranni</em></span> <span class='ocrx_word' id='word_1_245' title='bbox 292 1761 386 1810; x_wconf 85' lang='lat' dir='ltr'><em>fuga</em></span> <span class='ocrx_word' id='word_1_246' title='bbox 415 1765 454 1796; x_wconf 90' lang='lat' dir='ltr'><em>et</em></span> <span class='ocrx_word' id='word_1_247' title='bbox 482 1757 688 1809; x_wconf 84' lang='lat' dir='ltr'><em>adeptione</em></span> <span class='ocrx_word' id='word_1_248' title='bbox 716 1758 885 1807; x_wconf 85' lang='lat' dir='ltr'><em>imperii.</em></span> <span class='ocrx_word' id='word_1_249' title='bbox 943 1762 1138 1793; x_wconf 86' lang='lat' dir='ltr'><em>caeterum</em></span> <span class='ocrx_word' id='word_1_250' title='bbox 1166 1754 1274 1808; x_wconf 93' lang='lat' dir='ltr'><em>quod</em></span> <span class='ocrx_word' id='word_1_251' title='bbox 1301 1757 1357 1793; x_wconf 88' lang='lat' dir='ltr'><em>ait</em></span> <span class='ocrx_word' id='word_1_252' title='bbox 1379 1757 1453 1794; x_wconf 85' lang='lat' dir='ltr'><em>Co·</em></span> 
     </span>
     <span class='ocr_line' id='line_1_30' title="bbox 13 1789 1456 1866; baseline -0.004 -10"><span class='ocrx_word' id='word_1_253' title='bbox 13 1817 130 1856; x_wconf 87' lang='lat' dir='ltr'><em>dinus</em></span> <span class='ocrx_word' id='word_1_254' title='bbox 166 1789 362 1854; x_wconf 70' lang='lat' dir='ltr'><em>Phoeam0</em></span> <span class='ocrx_word' id='word_1_255' title='bbox 377 1827 518 1853; x_wconf 83' lang='lat' dir='ltr'><em>nervos</em></span> <span class='ocrx_word' id='word_1_256' title='bbox 556 1827 747 1866; x_wconf 87' lang='lat' dir='ltr'><em>equorum</em></span> <span class='ocrx_word' id='word_1_257' title='bbox 774 1812 979 1860; x_wconf 86' lang='lat' dir='ltr'><em>incidisse,</em></span> <span class='ocrx_word' id='word_1_258' title='bbox 1021 1826 1071 1849; x_wconf 89' lang='lat' dir='ltr'><em>ne</em></span> <span class='ocrx_word' id='word_1_259' title='bbox 1100 1814 1190 1849; x_wconf 84' lang='lat' dir='ltr'><em>usui</em></span> <span class='ocrx_word' id='word_1_260' title='bbox 1218 1819 1350 1850; x_wconf 88' lang='lat' dir='ltr'><em>essent</em></span> <span class='ocrx_word' id='word_1_261' title='bbox 1375 1813 1456 1850; x_wconf 85' lang='lat' dir='ltr'><em>illis</em></span> 
     </span>
     <span class='ocr_line' id='line_1_31' title="bbox 6 1867 1457 1926; baseline -0.003 -15.978"><span class='ocrx_word' id='word_1_262' title='bbox 6 1875 83 1926; x_wconf 89' lang='lat' dir='ltr'><em>·qui</em></span> <span class='ocrx_word' id='word_1_263' title='bbox 109 1875 241 1924; x_wconf 88' lang='lat' dir='ltr'><em>ipsum</em></span> <span class='ocrx_word' id='word_1_264' title='bbox 267 1873 595 1924; x_wconf 81' lang='lat' dir='ltr'><em>insequebantur,</em></span> <span class='ocrx_word' id='word_1_265' title='bbox 635 1871 718 1908; x_wconf 90' lang='lat' dir='ltr'><em>eius</em></span> <span class='ocrx_word' id='word_1_266' title='bbox 746 1871 803 1906; x_wconf 86' lang='lat' dir='ltr'><em>rei</em></span> <span class='ocrx_word' id='word_1_267' title='bbox 830 1870 1061 1920; x_wconf 84' lang='lat' dir='ltr'><em>exemplum</em></span> <span class='ocrx_word' id='word_1_268' title='bbox 1088 1875 1218 1906; x_wconf 83' lang='lat' dir='ltr'><em>exstat</em></span> <span class='ocrx_word' id='word_1_269' title='bbox 1245 1867 1350 1920; x_wconf 88' lang='lat' dir='ltr'><em>apud</em></span> <span class='ocrx_word' id='word_1_270' title='bbox 1375 1871 1457 1906; x_wconf 91' lang='grc' dir='ltr'><em>Ζο-</em></span> 
     </span>
     <span class='ocr_line' id='line_1_32' title="bbox 7 1924 1453 1976; baseline -0.003 -8.992"><span class='ocrx_word' id='word_1_271' title='bbox 7 1941 152 1967; x_wconf 82' lang='lat' dir='ltr'><em>naram</em></span> <span class='ocrx_word' id='word_1_272' title='bbox 197 1931 239 1966; x_wconf 87' lang='grc' dir='ltr'><em>1ιι</em></span> <span class='ocrx_word' id='word_1_273' title='bbox 286 1930 367 1966; x_wconf 84' lang='lat' dir='ltr'><em>vita</em></span> <span class='ocrx_word' id='word_1_274' title='bbox 411 1925 619 1966; x_wconf 85' lang='lat' dir='ltr'><em>Iustiniani</em></span> <span class='ocrx_word' id='word_1_275' title='bbox 664 1924 909 1964; x_wconf 86' lang='lat' dir='ltr'><em>Rhinotmeti</em></span> <span class='ocrx_word' id='word_1_276' title='bbox 948 1924 1166 1962; x_wconf 86' lang='lat' dir='ltr'><em>secundum</em></span> <span class='ocrx_word' id='word_1_277' title='bbox 1205 1926 1453 1976; x_wconf 83' lang='lat' dir='ltr'><em>imperantis:</em></span> 
     </span>
     <span class='ocr_line' id='line_1_33' title="bbox 2 1977 1457 2047; baseline -0.004 -21"><span class='ocrx_word' id='word_1_278' title='bbox 2 1982 98 2034; x_wconf 54' lang='lat' dir='ltr'><em>saiw</em></span> <span class='ocrx_word' id='word_1_279' title='bbox 139 2001 234 2032; x_wconf 80' lang='grc' dir='ltr'><strong><em>τους</em></strong></span> <span class='ocrx_word' id='word_1_280' title='bbox 274 1984 422 2032; x_wconf 80' lang='grc' dir='ltr'>ἵππους</span> <span class='ocrx_word' id='word_1_281' title='bbox 462 1980 614 2030; x_wconf 72' lang='grc' dir='ltr'><strong><em>πάντας</em></strong></span> <span class='ocrx_word' id='word_1_282' title='bbox 655 1994 1042 2047; x_wconf 79' lang='grc' dir='ltr'><strong><em>νευροκοπησαντες,</em></strong></span> <span class='ocrx_word' id='word_1_283' title='bbox 1087 1981 1155 2020; x_wconf 82' lang='grc' dir='ltr'><strong><em>ἵνα</em></strong></span> <span class='ocrx_word' id='word_1_284' title='bbox 1195 1979 1251 2032; x_wconf 82' lang='grc' dir='ltr'><em>μή</em></span> <span class='ocrx_word' id='word_1_285' title='bbox 1292 1977 1457 2028; x_wconf 82' lang='grc' dir='ltr'><strong><em>τούτους</em></strong></span> 
     </span>
     <span class='ocr_line' id='line_1_34' title="bbox 0 2033 1458 2094; baseline -0.004 -12"><span class='ocrx_word' id='word_1_286' title='bbox 0 2039 173 2094; x_wconf 38' lang='grc' dir='ltr'>’Ψλάβοιεν</span> <span class='ocrx_word' id='word_1_287' title='bbox 219 2040 260 2081; x_wconf 80' lang='grc' dir='ltr'><em>οἱ</em></span> <span class='ocrx_word' id='word_1_288' title='bbox 302 2039 503 2091; x_wconf 77' lang='grc' dir='ltr'>πολέμιοι,</span> <span class='ocrx_word' id='word_1_289' title='bbox 551 2043 633 2085; x_wconf 83' lang='grc' dir='ltr'><strong><em>τοῖς</em></strong></span> <span class='ocrx_word' id='word_1_290' title='bbox 673 2041 746 2079; x_wconf 83' lang='grc' dir='ltr'><em>τοῦ</em></span> <span class='ocrx_word' id='word_1_291' title='bbox 788 2037 925 2078; x_wconf 87' lang='grc' dir='ltr'><strong><em>στόλου</em></strong></span> <span class='ocrx_word' id='word_1_292' title='bbox 968 2033 1160 2087; x_wconf 73' lang='grc' dir='ltr'>σκάφεσι-ν</span> <span class='ocrx_word' id='word_1_293' title='bbox 1200 2033 1458 2089; x_wconf 75' lang='grc' dir='ltr'><em>ἐμβεβηκότες</em></span> 
     </span>
     <span class='ocr_line' id='line_1_35' title="bbox 3 2091 1458 2149; baseline -0.006 -10"><span class='ocrx_word' id='word_1_294' title='bbox 3 2097 248 2149; x_wconf 63' lang='grc' dir='ltr'><strong><em>ἐπανῆλθον</em></strong></span> <span class='ocrx_word' id='word_1_295' title='bbox 290 2097 346 2144; x_wconf 82' lang='grc' dir='ltr'><em>εἰς</em></span> <span class='ocrx_word' id='word_1_296' title='bbox 387 2112 429 2136; x_wconf 85' lang='grc' dir='ltr'><em>το</em></span> <span class='ocrx_word' id='word_1_297' title='bbox 476 2092 694 2143; x_wconf 83' lang='grc' dir='ltr'>Βυζαντιον</span> <span class='ocrx_word' id='word_1_298' title='bbox 735 2092 809 2134; x_wconf 85' lang='grc' dir='ltr'><strong><em>συν</em></strong></span> <span class='ocrx_word' id='word_1_299' title='bbox 853 2091 1023 2148; x_wconf 74' lang='grc' dir='ltr'><strong><em>αἰσχύνῃ</em></strong></span> <span class='ocrx_word' id='word_1_300' title='bbox 1064 2096 1204 2147; x_wconf 77' lang='grc' dir='ltr'><strong><em>πολλῃ.</em></strong></span> <span class='ocrx_word' id='word_1_301' title='bbox 1260 2091 1370 2129; x_wconf 89' lang='lat' dir='ltr'><em>idem</em></span> <span class='ocrx_word' id='word_1_302' title='bbox 1406 2091 1458 2130; x_wconf 87' lang='lat' dir='ltr'><em>ad</em></span> 
     </span>
     <span class='ocr_line' id='line_1_36' title="bbox 16 2148 1459 2199; baseline -0.005 -8"><span class='ocrx_word' id='word_1_303' title='bbox 16 2153 188 2191; x_wconf 89' lang='lat' dir='ltr'><em>eundem</em></span> <span class='ocrx_word' id='word_1_304' title='bbox 214 2153 378 2191; x_wconf 89' lang='lat' dir='ltr'><em>modum</em></span> <span class='ocrx_word' id='word_1_305' title='bbox 405 2153 523 2190; x_wconf 87' lang='lat' dir='ltr'><em>refert</em></span> <span class='ocrx_word' id='word_1_306' title='bbox 551 2150 761 2189; x_wconf 85' lang='lat' dir='ltr'><em>cedrenus.</em></span> <span class='ocrx_word' id='word_1_307' title='bbox 818 2148 1036 2188; x_wconf 86' lang='lat' dir='ltr'><em>notandum</em></span> <span class='ocrx_word' id='word_1_308' title='bbox 1062 2163 1154 2187; x_wconf 84' lang='lat' dir='ltr'><em>vero</em></span> <span class='ocrx_word' id='word_1_309' title='bbox 1178 2148 1283 2199; x_wconf 87' lang='lat' dir='ltr'><em>apud</em></span> <span class='ocrx_word' id='word_1_310' title='bbox 1304 2155 1459 2186; x_wconf 86' lang='lat' dir='ltr'><em>utrum-</em></span> 
     </span>
     <span class='ocr_line' id='line_1_37' title="bbox 46 2203 1459 2262; baseline -0.004 -15"><span class='ocrx_word' id='word_1_311' title='bbox 46 2223 94 2247; x_wconf 87' lang='lat' dir='ltr'><em>ue</em></span> <span class='ocrx_word' id='word_1_312' title='bbox 132 2223 266 2248; x_wconf 85' lang='lat' dir='ltr'><em>eorum</em></span> <span class='ocrx_word' id='word_1_313' title='bbox 301 2212 557 2262; x_wconf 82' lang='grc' dir='ltr'><strong><em>νευροκοπεῖν</em></strong></span> <span class='ocrx_word' id='word_1_314' title='bbox 594 2206 702 2244; x_wconf 89' lang='lat' dir='ltr'><em>idem</em></span> <span class='ocrx_word' id='word_1_315' title='bbox 738 2206 956 2257; x_wconf 86' lang='lat' dir='ltr'><em>significare</em></span> <span class='ocrx_word' id='word_1_316' title='bbox 983 2213 1100 2258; x_wconf 88' lang='lat' dir='ltr'><em>atque</em></span> <span class='ocrx_word' id='word_1_317' title='bbox 1130 2203 1234 2255; x_wconf 85' lang='lat' dir='ltr'><em>apud</em></span> <span class='ocrx_word' id='word_1_318' title='bbox 1262 2204 1459 2243; x_wconf 84' lang='lat' dir='ltr'><em>Codinum</em></span> 
     </span>
     <span class='ocr_line' id='line_1_38' title="bbox 17 2259 1459 2313; baseline -0.006 -7"><span class='ocrx_word' id='word_1_319' title='bbox 17 2267 282 2313; x_wconf 80' lang='grc' dir='ltr'><strong><em>αντζοκοπεῖν.</em></strong></span> <span class='ocrx_word' id='word_1_320' title='bbox 338 2279 431 2303; x_wconf 91' lang='lat' dir='ltr'><em>nam</em></span> <span class='ocrx_word' id='word_1_321' title='bbox 460 2263 576 2312; x_wconf 83' lang='grc' dir='ltr'><strong><em>α’ντζα</em></strong></span> <span class='ocrx_word' id='word_1_322' title='bbox 603 2264 669 2301; x_wconf 78' lang='lat' dir='ltr'><em>vel</em></span> <span class='ocrx_word' id='word_1_323' title='bbox 698 2259 794 2312; x_wconf 73' lang='grc' dir='ltr'><strong><em>ἅνζα</em></strong></span> <span class='ocrx_word' id='word_1_324' title='bbox 821 2264 886 2300; x_wconf 81' lang='lat' dir='ltr'><em>vel</em></span> <span class='ocrx_word' id='word_1_325' title='bbox 912 2260 1009 2302; x_wconf 63' lang='grc' dir='ltr'><strong><em>ὄντα</em></strong></span> <span class='ocrx_word' id='word_1_326' title='bbox 1033 2262 1310 2300; x_wconf 78' lang='lat' dir='ltr'><em>recentioribus</em></span> <span class='ocrx_word' id='word_1_327' title='bbox 1334 2261 1459 2298; x_wconf 87' lang='lat' dir='ltr'><em>Grae-</em></span> 
     </span>
     <span class='ocr_line' id='line_1_39' title="bbox 17 2318 1460 2372; baseline -0.003 -13"><span class='ocrx_word' id='word_1_328' title='bbox 17 2323 74 2359; x_wconf 73' lang='lat' dir='ltr'><em>cis</em></span> <span class='ocrx_word' id='word_1_329' title='bbox 103 2321 244 2358; x_wconf 90' lang='lat' dir='ltr'><em>dicitur</em></span> <span class='ocrx_word' id='word_1_330' title='bbox 269 2335 358 2372; x_wconf 83' lang='lat' dir='ltr'><em>pars</em></span> <span class='ocrx_word' id='word_1_331' title='bbox 389 2323 560 2359; x_wconf 86' lang='lat' dir='ltr'><em>exterior</em></span> <span class='ocrx_word' id='word_1_332' title='bbox 589 2321 710 2358; x_wconf 86' lang='lat' dir='ltr'><em>cruris</em></span> <span class='ocrx_word' id='word_1_333' title='bbox 738 2318 891 2357; x_wconf 85' lang='lat' dir='ltr'><em>tumida</em></span> <span class='ocrx_word' id='word_1_334' title='bbox 917 2320 981 2357; x_wconf 84' lang='lat' dir='ltr'><em>vel</em></span> <span class='ocrx_word' id='word_1_335' title='bbox 1006 2330 1192 2366; x_wconf 86' lang='lat' dir='ltr'><em>nervosa,</em></span> <span class='ocrx_word' id='word_1_336' title='bbox 1225 2324 1269 2355; x_wconf 90' lang='lat' dir='ltr'><em>ut</em></span> <span class='ocrx_word' id='word_1_337' title='bbox 1296 2323 1460 2355; x_wconf 82' lang='lat' dir='ltr'><em>testatur</em></span> 
     </span>
     <span class='ocr_line' id='line_1_40' title="bbox 7 2370 1460 2428; baseline -0.002 -11.996"><span class='ocrx_word' id='word_1_338' title='bbox 7 2376 247 2416; x_wconf 66' lang='lat' dir='ltr'><em>›·Eustathius</em></span> <span class='ocrx_word' id='word_1_339' title='bbox 277 2377 326 2414; x_wconf 88' lang='lat' dir='ltr'><em>ad</em></span> <span class='ocrx_word' id='word_1_340' title='bbox 354 2377 466 2418; x_wconf 87' lang='lat' dir='ltr'><em>Iliad.</em></span> <span class='ocrx_word' id='word_1_341' title='bbox 496 2393 525 2417; x_wconf 85' lang='grc' dir='ltr'><strong><em>π</em></strong></span> <span class='ocrx_word' id='word_1_342' title='bbox 552 2391 590 2428; x_wconf 85' lang='lat' dir='ltr'><em>p.</em></span> <span class='ocrx_word' id='word_1_343' title='bbox 620 2376 748 2417; x_wconf 87' lang='lat'>1061:</span> <span class='ocrx_word' id='word_1_344' title='bbox 794 2374 896 2416; x_wconf 74' lang='grc' dir='ltr'><strong><em>ἔνθα</em></strong></span> <span class='ocrx_word' id='word_1_345' title='bbox 932 2372 1028 2428; x_wconf 78' lang='grc' dir='ltr'><em>ἄρα,</em></span> <span class='ocrx_word' id='word_1_346' title='bbox 1067 2375 1216 2426; x_wconf 85' lang='lat' dir='ltr'><em>inquit,</em></span> <span class='ocrx_word' id='word_1_347' title='bbox 1254 2370 1312 2414; x_wconf 80' lang='grc' dir='ltr'><em>ότι</em></span> <span class='ocrx_word' id='word_1_348' title='bbox 1349 2388 1460 2424; x_wconf 88' lang='grc' dir='ltr'><strong><em>μυων</em></strong></span> 
     </span>
     <span class='ocr_line' id='line_1_41' title="bbox 12 2427 1458 2486; baseline -0.003 -12"><span class='ocrx_word' id='word_1_349' title='bbox 12 2432 46 2486; x_wconf 66' lang='grc' dir='ltr'><em>ἦ</em></span> <span class='ocrx_word' id='word_1_350' title='bbox 79 2435 371 2486; x_wconf 75' lang='grc' dir='ltr'><strong><em>γαστροκνημία</em></strong></span> <span class='ocrx_word' id='word_1_351' title='bbox 408 2433 532 2482; x_wconf 78' lang='grc' dir='ltr'><strong><em>ἐστίν,</em></strong></span> <span class='ocrx_word' id='word_1_352' title='bbox 571 2430 623 2485; x_wconf 77' lang='grc' dir='ltr'><strong><em>ἢν</em></strong></span> <span class='ocrx_word' id='word_1_353' title='bbox 659 2430 688 2484; x_wconf 76' lang='grc' dir='ltr'><em>ἦ</em></span> <span class='ocrx_word' id='word_1_354' title='bbox 722 2434 801 2472; x_wconf 77' lang='grc' dir='ltr'><strong><em>τῶν</em></strong></span> <span class='ocrx_word' id='word_1_355' title='bbox 828 2434 983 2472; x_wconf 79' lang='grc' dir='ltr'><strong><em>πολλῶν</em></strong></span> <span class='ocrx_word' id='word_1_356' title='bbox 1012 2433 1166 2484; x_wconf 77' lang='grc' dir='ltr'><strong><em>γλῶσσα</em></strong></span> <span class='ocrx_word' id='word_1_357' title='bbox 1196 2427 1318 2478; x_wconf 76' lang='grc' dir='ltr'>ι’ίνζαν</span> <span class='ocrx_word' id='word_1_358' title='bbox 1346 2429 1458 2480; x_wconf 76' lang='grc' dir='ltr'><em>φησί,</em></span> 
     </span>
    </p>
   </div>
   <div class='ocr_carea' id='block_1_3' title="bbox 13 2485 1455 2595">
    <p class='ocr_par' dir='ltr' id='par_1_3' title="bbox 13 2485 1455 2595">
     <span class='ocr_line' id='line_1_42' title="bbox 19 2485 1455 2542; baseline -0.004 -12"><span class='ocrx_word' id='word_1_359' title='bbox 19 2489 250 2542; x_wconf 76' lang='grc' dir='ltr'>συγκειμένη</span> <span class='ocrx_word' id='word_1_360' title='bbox 297 2488 339 2529; x_wconf 81' lang='grc' dir='ltr'><em>ἐκ</em></span> <span class='ocrx_word' id='word_1_361' title='bbox 385 2488 541 2542; x_wconf 75' lang='grc' dir='ltr'><strong><em>νεύρων</em></strong></span> <span class='ocrx_word' id='word_1_362' title='bbox 587 2490 743 2528; x_wconf 79' lang='grc' dir='ltr'><strong><em>πολλῶν</em></strong></span> <span class='ocrx_word' id='word_1_363' title='bbox 785 2486 853 2528; x_wconf 82' lang='grc' dir='ltr'><em>καὶ</em></span> <span class='ocrx_word' id='word_1_364' title='bbox 892 2485 1239 2539; x_wconf 80' lang='grc' dir='ltr'><strong><em>συνεστραμμένων</em></strong></span> <span class='ocrx_word' id='word_1_365' title='bbox 1282 2498 1455 2537; x_wconf 82' lang='grc' dir='ltr'><strong><em>σαρκων.</em></strong></span> 
     </span>
     <span class='ocr_line' id='line_1_43' title="bbox 13 2544 1027 2595; baseline -0.004 -10"><span class='ocrx_word' id='word_1_366' title='bbox 13 2545 210 2585; x_wconf 64' lang='grc' dir='ltr'><em>Δῖίᾱοιιάιιε</em></span> <span class='ocrx_word' id='word_1_367' title='bbox 239 2544 348 2583; x_wconf 89' lang='lat' dir='ltr'><em>idem</em></span> <span class='ocrx_word' id='word_1_368' title='bbox 375 2544 426 2583; x_wconf 86' lang='lat' dir='ltr'><em>ad</em></span> <span class='ocrx_word' id='word_1_369' title='bbox 451 2544 563 2584; x_wconf 84' lang='lat' dir='ltr'><em>Iliad.</em></span> <span class='ocrx_word' id='word_1_370' title='bbox 587 2554 622 2594; x_wconf 83' lang='grc' dir='ltr'><em>ψ</em></span> <span class='ocrx_word' id='word_1_371' title='bbox 652 2544 1027 2595; x_wconf 62' lang='lat' dir='ltr'><em>p.1326.12nm.</em></span> 
     </span>
    </p>
   </div>
   <div class='ocr_carea' id='block_1_4' title="bbox 14 2597 1462 2821">
    <p class='ocr_par' dir='ltr' id='par_1_4' title="bbox 14 2597 1462 2821">
     <span class='ocr_line' id='line_1_44' title="bbox 129 2597 1462 2653; baseline -0.007 -10"><span class='ocrx_word' id='word_1_372' title='bbox 129 2614 169 2653; x_wconf 78' lang='grc' dir='ltr'><strong><em>Ρ·</em></strong></span> <span class='ocrx_word' id='word_1_373' title='bbox 196 2602 252 2642; x_wconf 84' lang='grc'><em>37</em></span> <span class='ocrx_word' id='word_1_374' title='bbox 281 2615 318 2640; x_wconf 81' lang='lat' dir='ltr'><em>v·</em></span> <span class='ocrx_word' id='word_1_375' title='bbox 345 2603 384 2643; x_wconf 88' lang='lat'><em>6.</em></span> <span class='ocrx_word' id='word_1_376' title='bbox 442 2597 618 2653; x_wconf 75' lang='grc' dir='ltr'><strong><em>ἄλλαγην</em></strong></span> <span class='ocrx_word' id='word_1_377' title='bbox 661 2603 843 2651; x_wconf 81' lang='grc' dir='ltr'><strong><em>χερσαῖαν</em></strong></span> <span class='ocrx_word' id='word_1_378' title='bbox 888 2602 989 2638; x_wconf 85' lang='lat' dir='ltr'><em>verti</em></span> <span class='ocrx_word' id='word_1_379' title='bbox 1031 2600 1283 2637; x_wconf 81' lang='grc' dir='ltr'>νηιιίαιιοηεηι</span> <span class='ocrx_word' id='word_1_380' title='bbox 1325 2612 1462 2635; x_wconf 77' lang='lat' dir='ltr'><em>cursus</em></span> 
     </span>
     <span class='ocr_line' id='line_1_45' title="bbox 14 2653 1459 2708; baseline -0.001 -15"><span class='ocrx_word' id='word_1_381' title='bbox 14 2656 173 2708; x_wconf 79' lang='lat' dir='ltr'><em>publici</em></span> <span class='ocrx_word' id='word_1_382' title='bbox 198 2665 422 2695; x_wconf 81' lang='lat' dir='ltr'><em>terrestrem.</em></span> <span class='ocrx_word' id='word_1_383' title='bbox 482 2656 545 2695; x_wconf 86' lang='lat' dir='ltr'><em>his</em></span> <span class='ocrx_word' id='word_1_384' title='bbox 574 2662 706 2694; x_wconf 87' lang='lat' dir='ltr'><em>autem</em></span> <span class='ocrx_word' id='word_1_385' title='bbox 733 2654 874 2694; x_wconf 86' lang='lat' dir='ltr'><em>Codini</em></span> <span class='ocrx_word' id='word_1_386' title='bbox 899 2657 1028 2695; x_wconf 83' lang='lat' dir='ltr'><em>verbis</em></span> <span class='ocrx_word' id='word_1_387' title='bbox 1056 2655 1324 2705; x_wconf 81' lang='lat' dir='ltr'><em>confirmatur,</em></span> <span class='ocrx_word' id='word_1_388' title='bbox 1354 2653 1459 2706; x_wconf 85' lang='lat' dir='ltr'><em>quod</em></span> 
     </span>
     <span class='ocr_line' id='line_1_46' title="bbox 20 2711 1457 2764; baseline 0 -16"><span class='ocrx_word' id='word_1_389' title='bbox 20 2711 175 2764; x_wconf 88' lang='lat' dir='ltr'><em>pridem</em></span> <span class='ocrx_word' id='word_1_390' title='bbox 203 2712 254 2750; x_wconf 88' lang='lat' dir='ltr'><em>ad</em></span> <span class='ocrx_word' id='word_1_391' title='bbox 279 2715 355 2753; x_wconf 84' lang='lat' dir='ltr'><em>ista</em></span> <span class='ocrx_word' id='word_1_392' title='bbox 381 2712 535 2752; x_wconf 84' lang='lat' dir='ltr'><em>Sidonii</em></span> <span class='ocrx_word' id='word_1_393' title='bbox 562 2713 698 2761; x_wconf 83' lang='lat' dir='ltr'><em>verba,</em></span> <span class='ocrx_word' id='word_1_394' title='bbox 737 2713 862 2751; x_wconf 73' lang='lat' dir='ltr'><em>Ticini</em></span> <span class='ocrx_word' id='word_1_395' title='bbox 883 2713 1095 2750; x_wconf 84' lang='lat' dir='ltr'><em>cursoriam</em></span> <span class='ocrx_word' id='word_1_396' title='bbox 1119 2711 1294 2757; x_wconf 81' lang='lat' dir='ltr'><em>ascendi,</em></span> <span class='ocrx_word' id='word_1_397' title='bbox 1323 2711 1457 2749; x_wconf 87' lang='lat' dir='ltr'><em>obser-</em></span> 
     </span>
     <span class='ocr_line' id='line_1_47' title="bbox 22 2769 1459 2821; baseline -0.001 -15"><span class='ocrx_word' id='word_1_398' title='bbox 22 2770 127 2806; x_wconf 78' lang='lat' dir='ltr'><em>vavit</em></span> <span class='ocrx_word' id='word_1_399' title='bbox 164 2769 328 2808; x_wconf 79' lang='lat' dir='ltr'><em>Iacobus</em></span> <span class='ocrx_word' id='word_1_400' title='bbox 363 2770 613 2816; x_wconf 69' lang='lat' dir='ltr'><em>Sirmondm,</em></span> <span class='ocrx_word' id='word_1_401' title='bbox 658 2782 812 2807; x_wconf 88' lang='lat' dir='ltr'><em>cursum</em></span> <span class='ocrx_word' id='word_1_402' title='bbox 848 2770 1051 2821; x_wconf 86' lang='lat' dir='ltr'><em>publicum</em></span> <span class='ocrx_word' id='word_1_403' title='bbox 1085 2781 1164 2806; x_wconf 89' lang='grc' dir='ltr'>ιιοιι</span> <span class='ocrx_word' id='word_1_404' title='bbox 1201 2773 1352 2806; x_wconf 83' lang='lat' dir='ltr'><em>tantum</em></span> <span class='ocrx_word' id='word_1_405' title='bbox 1388 2781 1459 2819; x_wconf 81' lang='lat' dir='ltr'><em>per</em></span> 
     </span>
    </p>
   </div>
  </div>
 </body>
</html>
