1754 2990
428 134 504 175 An
539 132 800 181 conmuni
832 131 1037 175 NOTAE
1317 188 1320 190 ,
1362 127 1462 174 243

4 252 253 305 ξενοδοχεῖον
279 253 362 292 τῶν
386 249 588 304 Ῥωμαίων
614 252 805 303 appellat.
859 263 933 303 pro
959 245 1206 298 Ἀλαννίτζιον
1226 249 1347 288 etiam
1366 261 1465 288 con-

4 315 129 347 tracte
164 309 359 360 scriptun
390 309 594 349 invenimi-
627 304 857 356 ἆλωνίτζιν,
894 313 941 346 ut
964 319 1036 359 pro
1063 305 1315 359 καραβίτζιον
1341 320 1468 360 καρα-

1 367 152 419 βίτζιν,
179 378 253 418 pro
278 359 440 416 πέτρων
463 364 622 418 πέτραν,
649 370 724 403 etc.
780 365 919 405 Lm.
1169 377 1179 389 ·
1256 372 1258 375 '

115 435 155 473 p.
182 422 240 463 48
272 430 316 464 ‘v-
339 420 383 461 8.
447 415 602 473 Ἰησοῦν
647 418 719 461 τὸν
770 419 914 473 Ναυῆ]
961 431 1000 460 r.
1047 419 1205 456 Nicetas
1251 415 1467 457 choniates

0 491 42 530 p-
82 476 167 519 848
210 478 265 518 21
315 484 355 515 et
403 477 488 518 857
538 476 592 518 14
638 475 701 515 ed.
738 477 868 517 Bonn.
925 473 997 514 sed
1032 472 1224 527 quicquid
1249 474 1320 512 ille
1347 470 1464 524 dicat,

1 532 107 572 mihi
152 532 320 573 &ibium
365 546 447 571 non
485 540 545 572 est
585 534 682 586 quin
720 533 839 571 fuerit
878 532 1033 584 antiqui
1070 529 1279 569 cuiusdam
1314 531 1464 571 Roma-

0 603 145 628 norum
180 590 431 642 imperatoris
470 597 600 629 statua
639 589 853 642 equestris:
897 589 954 627 ita
982 588 1089 624 enim
1117 588 1352 641 plerumque
1379 588 1465 628 for—

2 648 106 685 mari
144 647 283 685 solitas
319 646 463 696 fuisse,
508 659 562 685 ex
598 647 774 685 nummis
814 651 854 684 et
888 645 1029 684 statuis
1061 645 1235 697 antiquis
1266 643 1465 697 hodieque

2 702 139 742 videre
168 711 241 742 est.
296 704 436 743 Lam.

114 773 155 812 p.
184 759 242 800 43
267 771 307 797 V.
336 760 377 799 6.
433 757 612 811 ἴστορίας
630 759 712 798 τῶν
731 752 931 810 ἐσχάτων]
956 756 1098 808 procul
1119 755 1240 794 dubio
1258 755 1463 808 inscriptio

4 821 44 852 et
72 822 227 853 caetera
255 822 488 854 ornamenta
516 812 777 866 intelligenda
804 820 918 861 sunt,
956 826 1059 865 quae
1084 813 1172 851 basi
1198 812 1310 850 illius
1339 825 1464 864 eque-

3 873 95 912 stris
123 878 277 910 statuae
304 872 503 923 insculpta
531 873 702 913 fuerunt.
759 868 833 908 sed
859 867 1034 908 eodinus
1062 867 1129 907 hic
1155 874 1327 920 nugatur
1352 881 1463 906 more

3 929 269 967 recentiorum
296 929 559 978 Graecorum,
590 930 661 980 qui
685 939 941 980 quascunque
962 926 1238 977 inscriptiones
1259 931 1301 962 et
1318 924 1464 976 figuras

3 985 248 1036 antiquitatis
275 986 479 1024 Romanae
508 986 669 1024 oracula
697 991 736 1022 et
762 983 970 1035 praesagia
994 994 1127 1020 rerum
1151 982 1375 1020 futurarum
1397 982 1463 1018 in-

1 1047 277 1093 terpretantur.
333 1042 471 1079 Lim.

112 1110 153 1148 p.
178 1097 233 1138 43
263 1109 301 1138 v.
325 1099 352 1137 7
376 1109 436 1148 sq.
491 1093 535 1136 td
557 1092 748 1147 ἐμπόδιον
776 1117 833 1125 —-
859 1090 1088 1148 γονυκλινὲς
1107 1091 1205 1146 ἔχει]
1233 1093 1270 1131 si
1290 1093 1463 1144 genuina

2 1157 63 1191 'est
90 1151 191 1192 haec
215 1154 357 1202 lectio,
385 1153 551 1191 verbum
580 1152 658 1203 ἔχει
685 1152 939 1190 referendum
963 1148 1123 1189 videtur
1149 1148 1203 1187 ad
1228 1147 1332 1188 illud
1354 1148 1463 1202 quod

0 1211 183 1261 superius
223 1208 347 1258 dixit,
391 1207 702 1262 ἐγγεγραμμένας
736 1208 912 1256 ἱστορίας
945 1208 1027 1246 τῶν
1059 1202 1231 1257 ἐσχάτων
1258 1208 1309 1259 τῇ
1335 1202 1461 1246 πόλει.

0 1273 172 1305 statuam
201 1273 334 1306 autem
362 1267 519 1304 virilem
545 1266 721 1301 vinctam
750 1270 789 1300 et
818 1263 1092 1313 genuflexam,
1132 1273 1254 1313 quam
1284 1260 1461 1300 eodinus

0 1323 55 1360 ait
82 1321 134 1359 ad
161 1322 283 1374 pedes
313 1321 398 1373 (sic
426 1323 534 1359 enim
560 1322 678 1358 vertit
707 1317 927 1372 ἐμπόδιον)
958 1318 1150 1370 equestris
1174 1317 1285 1355 illins
1307 1323 1461 1354 statuae

0 1379 121 1416 fuisse
149 1380 406 1427 collocatam,
437 1378 611 1416 nationis
635 1375 843 1415 cuiusdam
862 1374 1041 1413 devictae
1060 1373 1321 1412 simulacrum
1337 1373 1460 1411 fuisse

0 1436 215 1474 verisimile
244 1442 314 1475 est.
370 1432 600 1488 γονυκλινές
626 1434 728 1473 verti
755 1432 1035 1482 genuflexum,
1067 1437 1107 1468 et
1133 1428 1212 1468 hoc
1235 1441 1372 1467 revera
1394 1427 1460 1467 hic

0 1492 216 1542 significat,
257 1493 324 1532 uti,
358 1493 479 1529 etiam
518 1502 638 1542 supra
671 1492 714 1527 in
752 1488 1016 1540 descriptione
1042 1485 1256 1524 thematis
1281 1484 1459 1526 secundi.

0 1555 103 1586 errat
129 1549 251 1600 igitur
276 1549 495 1595 Meni-sius,
525 1548 596 1599 qui
622 1547 667 1583 in
695 1546 897 1584 Glossario
925 1541 1281 1582 Graeco-barbaro
1307 1548 1460 1580 utrum-

0 1616 77 1657 que
114 1604 257 1642 Codini
290 1605 427 1645 locum
464 1605 589 1642 citans
626 1600 854 1656 γονυκλινές
890 1600 1136 1639 substantive
1165 1599 1291 1650 accipi
1318 1597 1456 1647 credit,

0 1667 38 1700 ct
65 1661 287 1712 significare
311 1660 526 1711 pulvinar,
563 1660 672 1711 quod
701 1658 868 1708 genibus
897 1656 1170 1694 substernitur.
1227 1656 1367 1695 Lam.

108 1731 151 1768 p.
180 1717 235 1758 43
265 1730 303 1755 v.
333 1717 360 1755 9
387 1729 451 1767 sq.
509 1713 532 1756 ὁ
569 1717 673 1761 ποῦς
698 1735 754 1742 -
781 1710 1116 1766 ἐγγεγραμμένον]
1158 1711 1201 1747 in
1240 1709 1329 1750 cod.
1368 1711 1455 1749 Vat.

0 1767 96 1813 haee
133 1773 254 1811 verba
290 1770 616 1823 praecedentibus
647 1770 795 1821 absque
822 1768 1141 1819 interpunctione
1169 1778 1324 1803 annexa
1352 1773 1458 1815 sunt,

0 1835 37 1867 et
78 1842 150 1880 pro
192 1830 266 1868 τοῦ
306 1824 477 1880 μεγάλου
517 1828 664 1877 legitur
701 1828 777 1865 τοῦ
815 1825 957 1865 ἵππου.
1016 1836 1135 1875 quare
1173 1822 1360 1860 credibile
1398 1829 1457 1860 est

0 1884 196 1924 codiimm
223 1884 450 1935 scripsisse,
478 1881 500 1923 ὅ
525 1885 631 1928 ποῦς
659 1878 865 1931 εὐώνυμος
893 1877 916 1921 o‘
944 1877 1189 1932 ἒμπρόσθιος
1215 1881 1288 1918 τοῦ
1316 1879 1455 1926 ἵππου,

0 1937 43 1988 ὃς
69 1939 115 1981 τό
144 1937 444 1994 ἐνθρωποειδὲς
469 1934 748 1991 χαλκούργημα
776 1933 901 1988 βραχῦ
927 1938 1129 1984 παντελῶς
1152 1933 1220 1974 καὶ
1244 1934 1454 1987 δεδεμένον

0 1995 227 2050 γονυκλινὲς
263 1996 361 2048 ἔχει,
402 1995 470 2036 καὶ
505 1991 622 2041 αὐτὸς
658 1996 842 2046 σημαίνει
877 1989 939 2032 ὅτι
970 1991 1094 2033 ἐκεῖσε
1129 1990 1452 2044 ἐγγεγραμμένον.

0 2052 39 2091 H
77 2061 159 2102 est,
201 2054 318 2091 etiam
357 2054 449 2104 equi
475 2065 549 2102 pes·
585 2052 722 2088 laevus
757 2050 946 2094 anterior,
986 2049 1052 2086 cui
1086 2047 1268 2098 sigillum
1294 2060 1454 2084 aereum

0 2110 111 2147 virile
138 2111 316 2147 vinctum
344 2116 381 2146 et
404 2108 660 2160 genuflexum
685 2106 884 2144 inclusum
912 2111 985 2150 est,
1016 2103 1322 2156 praesignficat
1349 2116 1453 2154 quae

0 2167 40 2202 in
81 2179 124 2203 eo
163 2167 355 2216 inscripta
396 2171 503 2202 sunt.
559 2176 703 2214 nempe
741 2163 901 2213 respicit
932 2160 1107 2199 eodinus
1136 2158 1185 2196 ad
1213 2158 1316 2196 illud
1344 2157 1452 2210 quod

0 2221 119 2261 refert
145 2223 302 2261 Nicetas
330 2220 542 2260 choniates
570 2233 608 2271 p.
630 2217 712 2260 849
742 2219 816 2265 10,
844 2219 887 2254 in
912 2218 1096 2256 anteriori
1120 2216 1279 2253 sinistra
1302 2215 1452 2265 ungula

0 2277 106 2316 illius
141 2279 235 2331 equi
262 2280 425 2317 latuisse
454 2277 753 2326 imagunculam
782 2280 1047 2312 consecratam
1074 2274 1150 2309 viri
1179 2272 1291 2309 clavo
1320 2279 1452 2308 trans-

0 2334 70 2375 fixi
107 2340 146 2372 et
181 2335 345 2386 plumbo
379 2333 556 2385 undique
596 2332 734 2378 cincti3
778 2343 878 2382 quae
905 2329 957 2367 ad
983 2329 1318 2368 conservationem
1345 2327 1452 2365 urbis

0 2396 39 2428 et
77 2388 343 2441 prohibendus
380 2391 636 2429 barbarorum
678 2388 923 2425 incursiones
961 2387 1016 2423 ibi
1055 2386 1208 2422 inclusa
1248 2391 1343 2423 erat.
1401 2383 1451 2420 cf.

0 2444 106 2486 idom
131 2460 172 2498 p·
198 2448 280 2487 858
312 2448 354 2487 6.
410 2445 460 2484 de
490 2443 684 2484 eiusmodi
713 2444 851 2482 statuis
876 2442 1111 2482 consecratis
1134 2441 1232 2478 alias
1255 2437 1452 2492 quaedam

0 2504 144 2544 notavi.
198 2503 336 2542 Lama.

109 2573 151 2610 p·
178 2558 234 2600 43
263 2573 301 2598 v.
332 2559 398 2600 10.
457 2556 479 2599 ὁ
506 2556 625 2610 μέγας
650 2555 776 2606 κίων]
804 2556 1029 2594 columnam
1058 2551 1282 2593 cochlidem
1310 2550 1451 2590 Theo-

0 2612 102 2651 dosii
136 2616 179 2653 in
214 2617 350 2654 Tauro
386 2616 504 2653 sitam
532 2612 598 2650 hic
625 2610 926 2662 intelligendam
953 2625 1038 2650 esse
1068 2622 1230 2656 censeo,
1268 2620 1371 2661 quae
1398 2607 1450 2646 ad

0 2671 269 2709 summitatem
298 2685 425 2723 usque
452 2672 557 2708 intra
585 2683 628 2707 se
655 2669 790 2720 pervia
820 2676 922 2717 erat,
966 2675 1004 2704 et
1035 2666 1288 2703 circumcirca
1314 2665 1448 2715 figuris

0 2726 164 2777 sculptis
206 2736 408 2769 exornata.
463 2727 627 2764 Manuel
661 2724 917 2776 Chrysoloras
945 2725 986 2760 in
1015 2722 1180 2774 epistola
1209 2719 1258 2759 de
1288 2733 1448 2773 compa-

0 2782 150 2821 :stione
197 2785 340 2822 veteris
388 2791 427 2822 et
470 2796 597 2821 novae
645 2784 792 2820 Romae
831 2782 970 2827 κίονας
1011 2773 1281 2831 περιγλύφους
1320 2784 1446 2815 vocat.
