1754 2990
433 130 508 172 AD
543 128 803 172 CODINUM
835 129 1038 172 NOTAE.
1358 131 1456 177 239

120 249 243 302 p.39
268 261 309 287 v·
335 248 376 291 6.
432 248 477 290 ἐν
504 243 612 303 αυτῇ
635 250 688 302 τῇ
715 249 901 314 βασιλικῇ
925 244 1179 320 χρυσορὸᾳιου
1205 243 1353 301 ὀπίσω]
1393 250 1458 290 hic

9 263 146 344 locunP
159 318 214 343 ex
248 303 338 344 eod.
368 305 459 344 vat.
498 311 538 342 et
575 306 764 371 anonymi
795 305 1008 344 Collectan.
1043 304 1135 358 περι
1162 302 1377 357 θεαμάτων
1403 308 1459 346 ita

9 360 275 400 restituendus
299 367 381 400 est·
409 358 453 402 τὸ
479 358 523 401 δὲ
550 359 595 400 ἐν
623 356 728 429 αυτῇ
752 363 803 415 τῇ
831 362 1018 416 βασιλικῇ
1042 358 1298 416 χρυσοφόρῳ,
1327 359 1459 405 ὄπίσω

7 421 82 459 τοῦ
123 419 278 470 μιλίου,
325 413 603 470 α’νὸροείιιελον
639 414 794 469 αγαλμα
828 417 1111 470 χρυσέμβαφον
1155 417 1286 487 (ἔνθα
1321 413 1375 471 ἦν
1412 436 1457 461 το

9 474 186 526 ἕξαμμον
206 472 437 540 Ἡρακλείου
462 475 535 513 τοῦ
562 471 778 524 βασιλέως)
806 472 874 512 καὶ
901 472 1150 526 γονυκλινές,
1176 469 1461 516 Ἰουστινιανοῦ

9 529 91 571 ἔστι
117 532 190 571 τοῦ
213 525 438 582 τυράννου,
466 529 508 567 id
533 536 610 577 est,
639 535 772 566 statua
798 530 987 567 inaurata
1013 530 1140 568 virilis
1166 538 1204 567 et
1224 532 1458 582 genuflexa,

7 598 111 638 quae
145 587 190 623 in
222 587 313 637 ipsa
349 585 535 623 Basilica
569 598 689 622 aureo
724 585 905 637 laqueari
938 594 1072 637 operta
1090 601 1197 658 pone
1222 587 1378 625 milium
1406 597 1460 626 est

3 642 220 688 'colloz-ata,
260 639 478 679 Iustiniani
512 643 674 693 tyraruu'
708 649 774 680 est.
827 643 947 680 verba
984 642 1086 683 ἔνθα
1119 638 1173 696 ἦν
1208 659 1253 685 το
1289 643 1460 697 ἕξαμμον

0 698 234 751 Ἡρακλείου
261 701 334 738 τοῦ
362 697 551 750 βασιλέως
580 696 805 749 parenthesi
834 697 1096 737 includenda:
1124 701 1236 765 ‘quid
1262 713 1355 739 vero
1384 703 1461 739 sibi

6 756 155 805 velint,
195 754 377 793 nondum
402 757 498 793 satis
524 754 625 792 mihi
651 761 815 795 constat.
871 756 914 792 in
947 757 1137 808 anonymi
1165 757 1327 798 Collect.
1351 758 1461 824 legi-

4 818 93 859 tur,
137 810 239 852 ἔνθα
278 809 323 851 τὸ
363 811 507 864 ἕξαμον
546 809 776 863 Ἡρακλείου
811 814 884 851 τοῦ
922 812 1111 864 βασιλέως
1148 809 1461 866 κατεσκευασθη.

9 867 117 919 apud
152 866 340 915 saidam,
385 880 424 906 v.
461 864 647 936 βασιλική
658 895 669 916 ,
720 869 956 919 praepositio
994 884 1067 916 εως
1102 875 1193 906 ante
1228 867 1460 920 Ἡρακλείου

6 925 156 962 inserta
193 930 266 962 est.
321 922 471 961 ibidem
508 936 578 976 pro
613 920 830 965 Ἰουστίνου
867 927 940 964 τοῦ
976 921 1177 976 τυράννου
1212 926 1462 964 scribendum

4 971 70 1018 est
104 976 387 1020 Ἰουστινιανοῦ
423 982 498 1020 τοῦ
533 995 753 1032 τυραννον,
792 978 835 1017 id
863 987 923 1018 est
958 981 1175 1018 Iustiniani
1199 980 1462 1027 Rhinotmeti,

0 1043 52 1074 ‘ut
88 1042 197 1088 patet
238 1047 291 1072 ex
329 1037 518 1087 anonymi
555 1037 718 1078 Collect.
756 1036 848 1087 περὶ
883 1034 1117 1089 θεαμάτων,
1160 1037 1229 1075 ubi
1265 1038 1461 1089 prolixius

7 1093 139 1144 agitur
166 1091 216 1130 de
244 1075 321 1129 hac
347 1093 556 1130 Iustiniani
582 1091 828 1131 Rhinotmeti
856 1099 984 1131 statua
1011 1093 1234 1144 genuflexa.
1289 1095 1428 1133 LAMB-

118 1174 159 1214 p.
188 1162 242 1203 39
271 1175 312 1200 v.
342 1163 382 1202 8.
437 1161 619 1200 Terbelis
647 1163 911 1213 Bulgarorum
938 1164 1141 1215 princeps,
1171 1165 1283 1203 cuius
1312 1167 1462 1204 auxilio

0 1219 250 1279 >lastinianus
277 1216 555 1256 Rhinotmetus
583 1218 795 1270 imperium
823 1221 1077 1270 recuperavit.
1132 1221 1269 1261 Imm.

120 1302 162 1340 p·
190 1288 246 1329 39
274 1289 411 1328 v.11.
468 1286 661 1335 ἐναντίοις
700 1288 849 1343 ζυγοῖς]
892 1287 1038 1327 Suidae
1074 1290 1288 1328 lectionem
1323 1290 1465 1329 confir-

9 1350 114 1393 mat,
157 1343 265 1397 quod
298 1344 419 1395 paulo
449 1351 542 1395 post
579 1342 752 1382 eundem
780 1343 1050 1399 ζυγοπλάστην
1075 1352 1208 1383 vocat:
1247 1347 1303 1384 ita
1330 1355 1464 1386 autem

11 1399 155 1438 dicitur
189 1400 331 1452 salsus
374 1398 580 1451 libripens,
628 1414 699 1439 seu
745 1402 815 1453 qui
859 1404 1045 1449 πλαστοῖς
1086 1402 1238 1455 ζυγοῖς,
1285 1401 1363 1441 hoc
1405 1412 1464 1442 est

11 1455 194 1494 lancibus
238 1455 490 1502 adulterinis,
534 1457 577 1494 in
621 1455 803 1495 librando
851 1458 987 1495 utitur.
1044 1470 1142 1510 quos
1184 1471 1276 1509 ergo
1319 1459 1463 1498 Suidas

11 1509 210 1561 πλαστους
238 1513 305 1566 ζυγ
307 1509 380 1560 οὕς
405 1519 540 1561 vocat,
570 1526 638 1551 eos
667 1514 842 1564 appellat
869 1512 1045 1552 eodinus
1074 1513 1281 1586 ἐναντίους
1304 1514 1463 1569 ζυγοιῖς,

9 1567 54 1606 id
80 1575 139 1607 est
166 1567 299 1606 lances
320 1570 480 1620 iniquas
503 1582 573 1607 seu
594 1570 787 1621 impares,
816 1569 959 1621 quibus
981 1575 1234 1620 opponuntur
1255 1569 1335 1611 ἴσοι
1355 1572 1466 1624 ζυγοί

9 1624 94 1663 sive
132 1624 264 1662 lances
300 1638 453 1676 aequae
490 1632 528 1662 et
565 1638 692 1677 pares.
748 1624 842 1663 hinc
881 1624 1111 1674 corrigenda
1142 1624 1289 1663 Suidae
1320 1629 1462 1677 versio,

11 1694 51 1721 v,
87 1677 294 1733 βασιλική,
334 1681 402 1718 ubi
437 1695 643 1732 perperam
675 1677 942 1732 ζυγοπλαστην
968 1682 1274 1731 interpretantur
1290 1682 1465 1731 fabrum

11 1735 224 1782 librarum,
264 1743 304 1772 et
342 1736 385 1775 ἐν
418 1739 604 1782 πλαστοῖς
637 1737 764 1788 ζυγοῖς
790 1733 863 1787 τήν
891 1738 1038 1788 πρᾶσιν
1063 1740 1193 1776 ποιεῖν
1222 1736 1345 1774 libras
1371 1753 1399 1775 a
1424 1754 1465 1776 se

4 1793 145 1846 factas
181 1791 364 1838 vendere,
404 1791 471 1831 vel
506 1792 552 1828 in
585 1791 697 1828 libris
726 1805 754 1828 α
781 1805 822 1829 se
836 1791 967 1843 sactis
993 1806 1088 1830 suas
1110 1800 1258 1831 'merces
1283 1794 1459 1833 vendere.

11 1850 147 1891 Lm.

124 1933 166 1971 p.
193 1917 250 1959 40
277 1931 317 1957 v·
347 1919 384 1958 1.
441 1915 485 1957 ἐν
511 1919 568 1972 τῷ
596 1917 733 1972 μιλίῳ]
763 1917 906 1955 suidas
931 1918 974 1954 in
1001 1917 1143 1970 μίλιον.
1200 1920 1362 1959 Mmms.

126 2003 167 2042 p.
196 1987 252 2029 40
277 2001 316 2028 v.
346 1989 386 2028 3·
440 1986 542 2028 ἔνθα
583 1982 845 2039 ειῖφημίσθη]
898 1987 942 2023 in
981 1989 1167 2040 anonymi
1205 1990 1463 2030 Collectaneis

14 2045 106 2099 περὶ
137 2042 353 2096 θεαματων
389 2045 446 2081 ita
472 2045 637 2095 legitur.
680 2042 782 2083 ε’νθα
810 2046 1110 2092 Κωνσταντῖνος
1137 2043 1160 2085 6
1189 2044 1309 2110 μέγας
1336 2044 1463 2099 εὔφη-

16 2103 144 2154 μίσθη
171 2099 266 2153 μετὰ
294 2097 338 2141 τὸ
363 2102 526 2151 νικῆσαι
550 2095 735 2154 Ἀζαίτιον
761 2097 829 2138 καὶ
856 2095 988 2147 Bigas-
1014 2100 1084 2141 καὶ
1112 2096 1258 2153 αὐτήν,
1270 2100 1464 2172 ..κράζον-

15 2173 82 2205 τος
107 2159 182 2198 τοῦ
209 2156 376 2197 Βενέτου
405 2155 565 2210 μέρους·
609 2154 691 2203 ελες
719 2150 960 2207 παλίνορσον
987 2154 1210 2208 ἱμάσθλην·
1249 2173 1303 2205 ως
1331 2156 1375 2198 δὲ
1401 2158 1464 2208 δὶς

15 2210 171 2266 ἡβήσας
210 2214 369 2265 μαίνεαι
408 2212 451 2253 ἐν
490 2212 646 2266 σταδίῳ.
702 2210 795 2248 hinc
829 2218 936 2263 patet
970 2211 1121 2264 duplex
1158 2212 1299 2251 codini
1336 2227 1463 2254 error:

14 2271 144 2322 primo
173 2270 278 2307 enim
306 2267 512 2307 confundit
537 2269 839 2307 Constantinum
862 2281 1052 2320 magnum
1074 2271 1351 2321 imperatorem
1374 2284 1465 2309 cum

18 2325 274 2365 Constantino
310 2325 485 2377 quodam
520 2325 655 2375 auriga
685 2325 867 2372 circensi,
903 2326 946 2362 in
983 2339 1103 2379 quem
1132 2327 1281 2378 aliquot
1309 2334 1466 2366 exstant

18 2384 303 2434 epigrammata
348 2380 609 2432 Anthologiae
652 2382 683 2418 l.
721 2381 760 2422 5.
829 2379 970 2419 deinde
1016 2381 1123 2419 hunc
1164 2383 1465 2421 Constantinum

18 2437 223 2476 confundit
262 2450 353 2474 cum
391 2439 468 2474 alio
505 2438 642 2487 auriga
669 2435 907 2488 Porphyrio‚
948 2438 991 2475 in
1020 2451 1140 2490 quem
1165 2440 1345 2477 similiter
1372 2440 1464 2491 plu-

19 2494 119 2532 rima
163 2500 320 2531 exstant
365 2494 662 2544 epigrammata.
738 2494 854 2531 unius
900 2500 1070 2546 partem,
1122 2507 1200 2546 qua
1246 2497 1466 2534 continetur

10 2545 267 2602 Ιευᾳγιῃιισιιός
302 2563 373 2587 seu
408 2550 539 2587 fausta
578 2550 806 2587 acclamatio
845 2551 1015 2589 Venetae
1051 2551 1251 2599 factionis,
1296 2554 1388 2590 citat
1423 2555 1465 2590 in

21 2617 139 2657 supra
186 2607 313 2645 citatis
359 2606 488 2644 verbis
527 2618 749 2656 anonymus
787 2604 876 2659 περὶ
912 2604 1138 2659 θεαματων.
1222 2609 1462 2659 epigramma

24 2659 99 2700 hoc
126 2669 204 2700 est:

241 2716 478 2772 Πορφύριον
507 2713 691 2786 λήξαντα
708 2711 844 2757 πόνων
871 2713 1042 2758 λύσαντα
1068 2732 1108 2757 τε
1126 2717 1274 2782 μίτρην

293 2774 362 2815 καὶ
387 2790 516 2827 παρος
545 2770 637 2814 ἄντ’
665 2768 807 2825 αἱρετῆς
832 2771 996 2825 χαλκεον
1023 2770 1186 2814 ἑσταότα
