1754 2990
316 118 536 161 BREVES
569 116 838 160 ENARRAT.
874 116 1198 160 CHRONOGR.
1378 113 1474 162 175

39 240 427 296 κατεποντίσθησαν·
473 238 529 291 ὡς
559 244 719 282 πολλῶν
753 241 899 283 πλοίων
932 242 998 284 καὶ
1034 238 1241 296 σαργάνων
1275 237 1475 283 ἐλθόντων

40 309 110 351 καὶ
138 311 396 364 κολυμβητῶν
419 312 556 359 τινῶν,
591 307 659 349 διὰ
680 307 726 349 τὸ
749 307 960 363 ἀδημονεῖν
982 308 1051 352 τὸν
1072 307 1263 362 βασιλέα,
1298 306 1412 364 δῶρά
1433 324 1476 351 τε

43 379 98 427 εἰς
143 380 301 431 πλῆθος
341 375 580 430 ταττομένου
595 407 608 426 ,
643 377 708 417 καὶ
745 373 799 425 ὥς
832 375 875 433 φ’
910 377 1171 434 κεντηναρίων
1206 376 1309 430 μεθ’
1346 375 1476 433 ὅρκων

42 447 219 502 φρικτῶν
247 444 534 499 βιβαιουμένου
566 449 649 494 τοῖς
679 443 888 498 μέλλουσιν
918 445 1017 489 αὐτὸ
1046 443 1213 498 {nautam
1233 446 1279 487 ἐκ
1300 449 1371 499 τῆς
1392 447 1478 486 θα-

9 511 216 567 5λάσσης,
249 511 321 555 οὔκ
350 512 490 566 ἴσχυσέ
516 529 588 561 τις.
655 509 742 554 τότε
764 512 964 569 ὀργισθεὶς
987 513 1008 556 ὃ
1031 513 1152 564 αῧτὸς
1176 510 1390 563 Θεοδόσιος
1412 514 1478 554 καὶ

39 580 110 624 τὸν
139 578 313 627 Σινάτου
343 579 449 623 οἶκον
479 585 536 637 τῷ
563 581 658 635 πυρὶ
680 582 979 637 παραδέδωκεν,
1011 580 1088 624 ὕπὸ
1111 579 1315 639 τεσσάρων
1336 579 1477 623 κιόνων
1497 587 1526 622 Β

39 646 349 702 βασταζόμενον.
415 650 481 690 καὶ
512 649 728 703 μετέθηκεν
752 649 824 702 τὴν
846 649 994 704 στήλην
1010 647 1167 703 Ἑλένης
1187 649 1339 706 μητρὸς
1359 651 1479 692 Κων-

41 717 244 758 σταντίνου
256 747 268 766 ,
302 717 368 758 καὶ
392 718 535 767 αὐτοῦ,
569 719 636 758 καὶ
659 721 729 770 τῆς
750 717 932 771 γυναικὸς
954 718 1079 760 αὐτοῦ
1104 716 1314 772 Φαύστης,
1346 721 1480 773 θυγα-

40 781 135 840 τρός
169 786 454 838 [Μαξιμιανοῦ
475 789 546 826 τοῦ
565 783 815 840 Ἑρκουλίου,
850 789 1058 841 γαμβροῦ]
1092 786 1405 839 Διοκλητιανοῦ,
1440 786 1480 827 ἓν

0 855 100 908 llo-tq?
129 851 239 908 αὐτῷ
269 850 447 908 Σινάτῳ,
484 853 609 894 αὐτοῦ
640 854 712 906 μὲν
742 855 807 895 καὶ
837 859 908 908 τῆς
930 858 1100 909 γαμετῆς
1117 851 1394 908 χαλκενχύτων
1415 854 1482 894 καὶ

39 918 162 976 μέρος
182 918 446 971 λιθενδύτων,
476 920 599 974 αὐτῆς
621 922 664 962 δὲ
686 922 729 962 ἐκ
751 927 961 978 πορφυροῠ
983 920 1202 977 μαρμάρου
1225 922 1480 977 περιέχουσα·

38 986 68 1029 ἅ
91 1003 180 1030 τινα
201 989 267 1029 καὶ
290 986 480 1039 σώζονται
503 989 576 1038 ἕως
598 993 669 1043 τῆς
691 991 823 1046 δεῦρο.

616 1110 913 1154 ΠΑΠΙΑ.

172 1199 238 1241 Ἐν
270 1203 329 1257 τῷ
360 1200 552 1256 λεγομένῳ
584 1203 782 1256 Στατῆρι,
815 1199 910 1256 ὅπερ
945 1201 1095 1255 λέγεται
1125 1199 1286 1242 Μόλιον
1322 1198 1481 1242 ἆλωπόν
1503 1209 1533 1243 C

0 1280 35 1315 [5
47 1264 144 1309 εἶναι
175 1267 218 1308 ἐκ
246 1265 464 1323 μαρμάρου
494 1269 758 1322 πηγανουσιόυ
784 1270 837 1317 εἷς
858 1273 985 1321 μῆκος
1007 1267 1168 1323 ὀργυιάς
1189 1266 1234 1318 ε’,
1271 1264 1420 1316 πλάτος
1441 1267 1486 1308 δὲ

43 1335 205 1391 ὃργυιάς
229 1332 300 1376 δύο
323 1333 468 1388 ἥμισυ,
500 1336 601 1391 πρὸς
621 1334 735 1378 νότον
757 1336 798 1377 ἓν
820 1342 903 1385 τοῖς
926 1328 1198 1391 ἇνακτορικοῖς
1220 1334 1362 1385 οἴκοις,
1385 1333 1486 1391 πρὸς

46 1404 90 1445 δὲ
117 1405 272 1459 βορρᾶν
302 1401 402 1457 πρὸς
431 1402 499 1445 τὸν
530 1403 700 1453 παλαιὸν
722 1401 839 1454 ναόν,
875 1402 971 1458 ὅπερ
995 1403 1035 1444 ἐν
1057 1406 1116 1460 τῷ
1136 1399 1278 1456 στήθει
1300 1400 1486 1459 ἔγραφεν,

44 1470 103 1512 δι’
141 1472 376 1524 ἓμπλαστῶν
408 1471 589 1528 χρυσέων
623 1473 688 1513 καὶ
726 1471 926 1528 ἀργυρέων
959 1468 1231 1527 γραμμάτων,
1271 1470 1487 1526 Ἀφροδίτη

10 1550 18 1573 -’
45 1536 218 1593 Σελήνη,
262 1536 388 1593 ἐδόθη
423 1539 603 1593 Πέρσαις
638 1541 693 1589 εἷς
723 1538 874 1581 ndu-mv
908 1539 970 1580 ἐπὶ
997 1538 1254 1581 Ἀναστασιόυ
1286 1537 1483 1591 βασιλέως
1504 1551 1535 1585 D

0 1605 134 1653 zou’wri
167 1610 362 1661 σταθμῶν
390 1608 527 1660 χιλίων
555 1611 724 1664 χρυσοῦ.
791 1609 857 1649 καὶ
891 1611 1008 1649 τοῦτο
1045 1607 1087 1647 δὲ
1120 1604 1140 1647 ὃ
1173 1605 1294 1655 αὐτὸς
1322 1607 1487 1656 Παπίας

44 1675 222 1725 ἐδίδαξεν
254 1675 298 1716 ἐκ
327 1679 406 1717 τῶν
438 1675 562 1720 αὐτοῦ’
593 1674 936 1731 συγγραμμάτων,
971 1673 1031 1716 ὅτι
1056 1673 1098 1715 αἱ
1119 1675 1400 1729 γοργονοειδεΐς
1422 1690 1486 1715 κε-

139 1801 182 1836 13
206 1801 332 1846 Papiae
354 1802 509 1836 historici
531 1802 685 1836 meminit
705 1802 923 1847 Nicephorus
946 1801 1106 1836 Callistus
1130 1804 1150 1837 1
1190 1804 1224 1837 1.
1274 1802 1396 1836 hamb.

0 1934 1 1939 =
47 1913 197 1948 mulacro
220 1912 255 1946 in
278 1924 371 1947 mare
393 1913 682 1958 praecipitarunt,
708 1912 759 1947 ita
783 1916 820 1946 ut
842 1913 954 1946 multis
980 1912 1134 1946 adductis
1157 1912 1325 1946 naviculis
1344 1916 1378 1946 et
1394 1913 1486 1946 funi-

50 1961 113 1993 bus
144 1958 462 2004 urinatoribusque‚
494 1960 586 2004 quod
613 1959 650 1992 id
680 1959 866 2004 imperator
887 1958 1120 1993 molestissime
1143 1959 1269 2000 ferret,
1304 1958 1486 2003 multisque

50 2003 149 2038 donis
179 2004 366 2050 propositis
398 2015 508 2049 usque
539 2006 583 2039 ad
612 2004 859 2049 quinquaginta
881 2004 1076 2038 centenaria
1097 2004 1275 2038 horrendis
1298 2015 1371 2037 cum
1394 2003 1487 2038 iura-

50 2050 169 2084 mentis
203 2050 366 2095 promissa
398 2050 428 2084 si
460 2050 533 2095 quis
565 2061 606 2083 ex
636 2051 719 2084 mari
751 2050 934 2084 extrahere
955 2056 1093 2096 posset,
1127 2062 1223 2083 nemo
1247 2050 1283 2083 id
1307 2054 1484 2093 praestare

49 2095 215 2140 potuerit.
261 2095 477 2141 quamobrem
510 2096 632 2129 ardens
664 2096 717 2129 ira
747 2095 964 2130 Theodosius
997 2102 1158 2142 quattuor
1181 2094 1343 2128 columnis
1368 2094 1486 2127 fultam

51 2140 201 2175 senatuis
223 2143 341 2176 aedem
363 2140 504 2175 flammis
528 2141 640 2182 dedit3
676 2146 777 2185 atque
800 2142 955 2175 Helenae
975 2141 1091 2176 matris
1115 2139 1350 2181 Constantini,
1376 2139 1486 2183 ipsius

50 2186 134 2220 item
157 2187 393 2230 Constantini,
420 2192 456 2221 et
478 2188 594 2222 uxoris
618 2187 707 2221 illius
728 2188 900 2229 Faustae,
927 2187 1124 2223 Maximiani
1146 2186 1323 2228 Herculii,
1349 2184 1486 2218 Diocle-

51 2230 139 2265 tiani
167 2233 305 2275 generi,
342 2233 452 2275 filiae,
487 2238 621 2267 statuas
643 2233 679 2266 in
704 2232 844 2266 eundem
868 2231 1028 2268 Senatum
1050 2232 1246 2275 transtulit,
1280 2230 1388 2275 ipsius
1413 2228 1487 2272 qui-

53 2275 129 2310 dem
162 2282 200 2311 et
230 2278 348 2312 uxoris
380 2284 512 2313 statuas
545 2291 587 2312 ex
618 2290 699 2313 aere
728 2279 821 2311 fusas
844 2278 1035 2324 partimque
1056 2279 1180 2324 lapillis
1204 2282 1361 2317 ornatas3
1395 2274 1486 2308 illius

52 2327 164 2356 autem
188 2333 232 2356 ex
253 2334 416 2358 marmore
438 2325 705 2370 porphyretico3
737 2334 825 2368 quae
846 2323 1010 2370 hodieque
1033 2327 1227 2370 supersunt.

575 2415 666 2456 EX
721 2415 958 2456 PAPIA.

186 2478 227 2512 In
249 2479 324 2513 loco
348 2490 447 2525 quem
469 2482 640 2516 Staterem
664 2483 807 2522 vocant,
831 2491 928 2525 quam
951 2481 1091 2516 Molium
1111 2480 1282 2526 vulpinam
1301 2477 1484 2523 appellant,

55 2533 98 2557 ex
129 2534 293 2559 marmore
325 2525 518 2570 Peganusio
552 2528 703 2561 ulnarum
738 2526 888 2570 quinque
918 2526 1141 2571 longitudinis
1175 2527 1383 2567 duarumque
1413 2534 1487 2558 cum

53 2567 192 2604 dimidio
227 2570 437 2614 latitudinis,
475 2573 516 2606 ad
548 2577 697 2606 austrum
721 2571 754 2604 in
777 2571 900 2606 Palatii
922 2574 1085 2615 aedibus,
1123 2571 1166 2605 ad
1194 2570 1382 2614 aquilonem
1405 2579 1489 2603 vero

55 2614 184 2648 veteris
215 2617 382 2651 ecclesiae
412 2622 590 2663 respectu,
624 2618 658 2651 in
689 2617 784 2651 cuius
815 2622 954 2662 pectore
984 2619 1069 2652 haec
1099 2616 1276 2661 inscriptio
1309 2615 1423 2648 aureis
1454 2619 1492 2649 et

56 2659 229 2702 argenteis
251 2662 390 2696 insertis
412 2663 537 2697 litteris
560 2663 705 2708 legitur,
737 2658 878 2698 “Venus
900 2659 1042 2706 Luna‚'’
1079 2661 1261 2696 Anastasio
1285 2661 1490 2705 imperatore

55 2703 170 2737 Persis
205 2717 267 2750 pro
298 2714 400 2752 pacta
433 2710 579 2754 pecunia
612 2709 693 2742 data
725 2712 795 2752 est,
829 2719 890 2754 pro
924 2709 1011 2743 mille
1043 2708 1115 2741 euri
1144 2707 1304 2740 librarum
1326 2706 1488 2751 pondere.

58 2749 148 2794 quod
170 2749 279 2796 ipsum
301 2754 371 2787 suis
392 2754 427 2788 in
449 2755 588 2799 scriptis
611 2755 735 2798 Papias
756 2753 881 2788 docuit.
929 2756 1127 2798 Gorgonum
1149 2752 1265 2799 capita
1286 2752 1322 2786 in
1343 2751 1488 2786 Chalces
