1754 2990
357 104 580 147 BREVES
614 104 884 148 ENARRAT.
921 106 1248 150 CHRONOGR.
1431 106 1524 151 181

72 232 210 279 πολις,
244 231 324 270 τῶν
345 227 479 285 ἱερέων
499 226 689 281 βοώντων
716 227 802 279 “εἷς
823 229 1011 287 ἀπείρους
1035 232 1184 281 αἰῶνας
1207 229 1406 287 εὗόᾷωσον
1427 230 1526 276 ταύ-

73 314 167 351 την,
201 293 356 353 κῦριε.”
426 297 494 338 καὶ
524 295 629 338 οὕτω
657 297 759 349 μετὰ
789 302 941 353 πολλῆς
972 300 1219 356 δορυφορίας
1248 301 1454 356 ἐμμέτρως
1480 300 1524 355 μ’

71 363 225 422 ἡμέρας
253 365 611 421 πανηγυρίσαντες,
645 368 717 406 τοῦ
749 367 948 418 βασιλέως
975 369 1180 425 σιτηρέσια
1202 367 1422 422 πάμπολλα
1442 376 1526 420 τοῖς

71 432 206 487 ὄχλοις
241 432 536 488 χαρισαμένου,
582 431 766 486 ἀπῆλθεν
808 435 973 485 ἕκαστος
1005 437 1046 478 ἓν
1078 441 1129 493 τῇ
1161 437 1243 495 idle}
1273 439 1391 497 οἶκίᾳ.
1458 440 1522 480 καὶ

35 500 197 551 ὀοῧτως
216 505 267 557 τῇ
290 499 480 557 ε’παύριον
502 500 546 544 τὸ
573 501 775 556 γενέθλιον
796 507 868 557 τῆς
889 502 1041 555 πόλεως
1063 506 1216 560 γέγονεν
1238 508 1303 548 καὶ
1327 504 1521 563 ἱπποδρό-
1546 511 1574 546 Ρ
1595 511 1642 547 99

64 586 158 622 μιον
187 569 313 624 μέγα,
346 569 476 611 πολλὰ
501 569 657 612 κάκεῖσε
679 571 973 628 χαρισαμένου,
1008 574 1258 627 καταλείψας
1279 574 1329 616 τὰ
1355 578 1522 617 τοιαῦτα

63 638 249 693 γενέθλια
272 640 327 687 εἷς
348 637 510 692 μνήμην
533 635 705 680 αἴώνιον.

195 706 261 747 Ἐν
291 703 375 756 τοῖς
397 707 564 760 πλησίον
586 710 658 749 τοῦ
683 704 849 763 Ταύρου
869 707 1006 763 μέρεσι
1030 710 1333 760 Κωνσταντῖνος
1355 708 1376 752 ὅ
1398 710 1523 765 μέγας

65 774 107 814 ἓν
142 777 200 831 τῷ
233 773 345 830 θέρει
381 773 511 824 ἀδεῶς
546 775 757 830 διέτριβεν·
793 774 895 817 ἔνθα
929 774 1112 832 Σεβήρου
1146 782 1220 820 τοῦ
1252 778 1342 820 υἱοῦ
1377 777 1519 835 Κάρου

10 850 56 886 10
66 839 222 899 ὑπῆρχε
243 839 460 894 παλάτιον,
488 844 554 884 καὶ
578 843 673 893 ναὸς
697 841 869 886 εἰδώλων
885 848 988 886 θεοῦ
1004 842 1191 900 Σεβήρου
1207 844 1521 899 ὀνομαζόμενος·

64 909 166 952 ἔνθα
190 912 256 952 καὶ
281 911 471 967 τέσσαρες
496 913 687 954 συνθεταὶ
711 910 892 967 καμάραι
915 914 1188 968 παμμεγέθεις
1210 915 1277 955 καὶ
1301 915 1419 956 αὐταὶ
1441 913 1520 957 ὑπὸ
1542 917 1571 950 Β

64 976 246 1035 Σεβήρου
278 983 690 1031 κατασκευασθεῖσαι,
724 980 878 1030 πολλὰς
898 982 1087 1034 μαντείας
1109 983 1164 1031 εἷς
1180 987 1328 1038 χρῆσιν
1351 985 1521 1025 αἰωνίων

62 1050 172 1088 θεῶν
202 1045 397 1103 μακάρων
429 1049 495 1089 καὶ
524 1052 633 1091 θεῶν
654 1047 884 1104 Βητγάμων
907 1049 1068 1103 ἔχουσαι
1094 1049 1262 1102 εἴδωλα,
1299 1051 1456 1107 ἀργυρᾶ
1478 1068 1519 1093 τε

62 1116 128 1156 καὶ
148 1118 283 1168 χαλκᾶ
305 1116 371 1156 καὶ
393 1115 436 1166 ἐξ
458 1117 720 1172 ἐλεφαντίνων
741 1119 807 1158 καὶ
830 1116 1058 1173 μαρμάρων
1076 1117 1193 1173 λόγος
1210 1120 1322 1175 φέρει
1340 1123 1518 1162 πολλῶν

8 1190 52 1224 15
64 1181 120 1233 ὥς
152 1177 264 1236 εῧχε,
300 1185 442 1240 φησίν,
476 1185 517 1224 ἐν
548 1183 690 1234 αὐταῖς
721 1191 809 1233 ταῖς
838 1185 1060 1241 καμάραις·
1097 1188 1163 1227 καὶ
1194 1186 1368 1240 πόλεμος
1397 1189 1519 1229 Κων-

63 1253 270 1294 σταντίνου
305 1252 459 1306 γέγονε,
500 1253 566 1293 καὶ
598 1254 777 1309 Σευῆρον
808 1251 877 1293 τὸν
903 1250 1135 1307 Ἑρκούλιον
1165 1253 1317 1308 ἐνίκησε
1325 1286 1339 1305 ,
1381 1257 1447 1296 καὶ
1477 1257 1518 1296 ἓν

60 1326 149 1370 ταῖς
181 1316 387 1376 καμάραις
416 1319 490 1373 τὴν
520 1320 698 1375 κεφαλὴν
722 1320 847 1362 αὐτοῦ
869 1321 1001 1362 τεκαὶ
1025 1325 1104 1363 τῶν
1124 1319 1371 1376 μεγιστάνων
1393 1323 1520 1364 αὐτοῦ

59 1388 123 1430 ἐπὶ
153 1385 254 1429 ἑπτὰ
284 1385 453 1444 ἡμέραις
481 1388 695 1444 ἐκρέμασε·
730 1389 798 1429 καὶ
819 1387 921 1441 μετὰ
943 1391 1073 1430 ταῦτα
1094 1388 1145 1430 τὰ
1168 1389 1316 1431 εἴδωλα
1339 1389 1515 1446 συγκλά-
1539 1399 1570 1433 C

61 1472 138 1505 σας
167 1457 223 1505 εἷς
250 1455 391 1511 μέρος,
428 1454 669 1512 αὗτουργικὰ
696 1454 930 1512 ὑπάρχοντα
954 1457 996 1497 ἐκ
1019 1460 1099 1499 τῶν
1122 1456 1254 1499 αὐτῶν
1275 1458 1516 1515 μαρμάρων,

5 1525 118 1574 Ξοεῗς
150 1523 253 1566 θέαν
287 1523 430 1566 εἴασεν.
499 1524 540 1566 ἓν
572 1524 684 1581 αὐτῷ
705 1529 762 1581 τῷ
783 1522 894 1582 τόπῳ
918 1523 992 1573 ἕως
1009 1524 1225 1567 Ἰουλιανοῦ
1248 1527 1515 1583 ἐτιμωροῦντο

59 1590 281 1635 κατάδικὸι.
349 1592 390 1634 ἓν
419 1596 478 1650 τῷ
508 1593 619 1649 αὐτῷ
644 1590 755 1650 τόπῳ
776 1590 1034 1649 ὑπερκειμένη
1058 1594 1163 1642 πλὰξ
1187 1596 1242 1643 εἷς
1262 1599 1391 1648 μῆκος
1414 1595 1515 1651 ἄγαν

59 1662 126 1702 καὶ
163 1661 317 1712 ζωόίοις
348 1660 708 1716 ἀναγεγλυμμένοις
739 1659 834 1708 τοὺς
869 1659 1067 1712 πολέμους
1099 1661 1405 1705 Κωνσταντίνου
1441 1664 1516 1713 ἕως

58 1733 132 1770 τοῦ
162 1729 297 1784 τρίτου
329 1733 496 1783 σεισμοῦ
517 1729 719 1785 προέκειτο
746 1725 995 1771 δεικνύουσα.
1060 1729 1364 1773 Κωνσταντίνου
1388 1730 1514 1785 στήλη

58 1879 283 1914 clamantibus
308 1878 548 1913 sacerdotibus
574 1875 634 1913 “in
657 1879 791 1914 infinita
813 1881 952 1915 saecula
974 1893 1048 1916 eam
1073 1894 1239 1929 prospere
1262 1894 1368 1928 agere
1390 1885 1512 1927 facito,

58 1922 235 1961 domine.'’
281 1926 331 1959 sic
353 1936 427 1958 cum
452 1924 557 1959 multo
580 1926 722 1959 militum
746 1926 911 1959 satellitio
935 1939 996 1972 per
1018 1928 1091 1963 dies
1111 1930 1342 1975 quadraginta
1359 1931 1515 1964 solennia

58 1972 310 2015 celebrassent,
340 1970 546 2016 imperatore
569 1971 740 2015 copiosam
764 1971 854 2016 plebi
879 1982 1045 2008 annonam
1070 1975 1278 2020 elargiente‚
1302 1976 1429 2020 singuli
1454 1977 1513 2009 do-

58 2029 147 2052 mum
172 2017 344 2051 abierunt.
391 2022 494 2060 atque
518 2017 723 2060 insequente
746 2017 820 2050 luce
843 2017 937 2052 urbis
962 2019 1087 2054 natalia
1111 2026 1254 2066 peracta
1277 2027 1375 2063 sunt,
1403 2021 1512 2054 maio-

56 2074 183 2108 resque
205 2063 375 2097 circenses
398 2062 505 2103 editi,
540 2062 600 2095 ubi
626 2062 728 2095 etiam
751 2063 974 2106 largissimam
996 2065 1273 2100 distributionem
1295 2066 1382 2099 fecit
1403 2066 1513 2110 impe-

57 2114 169 2151 rator,
215 2108 382 2143 eiusmodi
419 2108 545 2142 natalia
578 2108 614 2141 in
650 2114 825 2142 aeternam
861 2108 915 2142 rei
945 2112 1136 2146 memoriam
1170 2111 1376 2145 celebranda
1407 2111 1512 2145 relin-

83 2164 179 2190 uens.
557 2183 563 2185 ,

57 2165 82 2199 q
193 2199 235 2233 In
256 2198 414 2245 partibus
447 2199 565 2232 Tauro
598 2197 723 2232 vicinis
752 2198 1001 2235 Constantinus
1030 2213 1171 2246 magnus
1204 2205 1338 2235 aestate
1369 2212 1510 2235 securus

54 2245 206 2300 tagebam
242 2246 301 2278 ubi
332 2245 476 2287 Severi,
512 2244 595 2277 Cari
627 2244 708 2296 filii,
745 2245 909 2288 palatium
941 2252 1033 2291 erat,
1068 2259 1108 2281 ac
1138 2247 1297 2292 templum
1329 2247 1509 2290 idolorum,

81 2290 136 2323 dei
161 2287 312 2324 Severi'’
335 2295 583 2336 nuncupatum;
607 2290 665 2322 ubi
688 2290 791 2323 etiam
815 2295 978 2334 quattuor
998 2294 1146 2327 fornices
1170 2293 1326 2334 maximi,
1351 2292 1409 2326 alii
1432 2291 1509 2325 aliis

57 2335 228 2379 impositi,
265 2337 308 2369 ab
341 2337 417 2381 ipso
453 2337 586 2369 Severo
624 2335 814 2378 exstructi,
851 2337 887 2370 in
918 2337 1061 2382 quibus,
1099 2343 1138 2372 ut
1161 2339 1343 2372 multorum
1367 2342 1508 2372 narratu

57 2382 187 2424 fertur,
215 2381 259 2415 ad
283 2381 458 2415 divinandi
482 2393 578 2415 usum
602 2387 700 2415 erant
722 2381 900 2416 beatorum
921 2388 1138 2418 aeternorum
1157 2384 1295 2418 deorum
1317 2389 1351 2416 et
1369 2383 1510 2417 deorum

57 2427 243 2461 inferorum
276 2427 477 2469 simulacra,
510 2433 674 2470 argentea
705 2438 814 2460 aenea
845 2429 998 2463 eburnea
1021 2436 1058 2464 et
1080 2441 1289 2471 marmorea,
1324 2428 1434 2472 quod,
1469 2435 1509 2463 ut

57 2473 173 2516 aiunt,
207 2473 244 2506 in
276 2472 395 2506 iisdem
427 2473 617 2506 fornicibus
653 2478 737 2506 vota
770 2475 989 2520 conceperit3
1021 2487 1169 2519 moxque
1191 2480 1350 2508 conserto
1374 2474 1506 2519 praelio

58 2517 306 2552 Constantinus
331 2519 499 2552 Severum
522 2518 721 2552 Herculium
743 2518 854 2562 vicit5
885 2525 990 2566 atque
1011 2522 1048 2555 in
1068 2522 1261 2555 fornicibus
1286 2519 1360 2552 eius
1386 2531 1509 2564 prooe-

58 2574 202 2609 rumque
228 2564 340 2609 ipsius
369 2564 485 2608 capita
509 2565 551 2597 ad
575 2570 708 2609 septem
731 2563 806 2596 dies
828 2566 1028 2611 suspendit3
1063 2566 1255 2610 deindeque
1276 2564 1400 2609 partim
1424 2576 1506 2599 con-

59 2609 182 2643 fractis
211 2610 334 2651 idolis,
369 2610 438 2644 alia
466 2609 586 2643 iisdem
610 2621 653 2643 ex
677 2609 897 2645 marmoribus
919 2623 998 2645 casu
1023 2617 1187 2656 coaptata
1211 2611 1254 2644 ad
1276 2611 1506 2655 spectaculum

59 2653 212 2698 reliquit.
261 2655 379 2689 eodem
415 2662 527 2689 autem
558 2656 633 2689 loco
662 2665 769 2698 usque
793 2655 836 2689 ad
857 2657 981 2691 Iuliani
1002 2662 1157 2702 tempora
1184 2657 1235 2690 rei
1257 2655 1506 2701 plectebantur.

59 2698 185 2733 ibidem
217 2700 333 2735 tabula
361 2701 584 2746 superposita
611 2700 806 2743 longissima
829 2701 953 2746 figuris
974 2704 1148 2747 insculpta
1171 2702 1214 2735 ad
1235 2701 1375 2736 tertium
1398 2713 1506 2747 usque

61 2750 176 2778 terrae
199 2750 323 2779 motum
346 2747 465 2789 stetit,
501 2746 591 2780 bella
615 2745 834 2781 Constantini
856 2748 1045 2782 declarans.
1094 2748 1162 2782 illic
1181 2747 1262 2782 item
1286 2747 1508 2783 Constantini
