1754 2990
442 139 519 181 AD
554 138 815 182 CODINUM
849 139 1053 182 NOTAE.
1377 140 1477 185 245

9 257 77 295 ita
106 257 340 307 reformem,
366 263 503 296 auctor
528 255 631 296 mihi
658 264 718 296 est
742 259 905 296 Manuel
929 257 1209 311 Chrysalum,
1239 259 1309 312 qui
1327 259 1371 298 ἰιι
1390 261 1479 313 epi-

4 314 126 352 »stola
154 313 205 352 de
232 315 522 366 comparatione
547 315 690 352 veteris
718 321 758 352 et
785 327 912 353 novae
940 317 1092 354 Romae
1117 314 1238 354 tradit
1264 328 1384 368 supra
1410 329 1478 355 ω-

7 375 95 422 ιΡιιι
115 371 234 409 rivuli
262 368 442 423 (scilicet
456 371 603 423 Lyci),
633 371 703 423 qui
722 371 879 422 cpolim
897 373 1135 423 perlabitur,
1164 372 1337 424 positam
1354 373 1478 412 fuisse

20 433 194 465 statuam
221 431 276 465 ex
303 425 471 465 candido
499 426 655 495 lapide,
691 439 799 493 quae
828 428 961 467 cubito
988 427 1197 467 videbatur
1220 429 1361 466 inniti:
1408 429 1477 470 καὶ

20 479 162 524 αλλου
171 482 235 532 δέ,
265 483 416 551 inquit,
444 483 528 534 (sc.
558 479 819 536 ἀνδριάντος)
849 483 914 525 ἐπι
944 487 1014 536 τῆς
1041 481 1165 537 αὐτῆς
1191 482 1287 526 ὁδοῦ
1314 485 1358 526 ἐκ
1385 488 1476 526 λευ-

18 542 103 579 κοῦ
121 541 244 579 λίθου
269 535 297 591 ἢ
328 536 559 592 μαρμάρου,
585 537 689 607 ὑπὲρ
716 542 894 592 κεφαλῆς
920 544 994 581 τοῦ
1023 539 1090 582 διὰ
1117 543 1191 592 τῆς
1217 538 1368 589 πόλεως
1394 557 1475 593 χει-

18 591 196 647 μάρρου,
248 596 466 644 δοκοῦντος
515 596 572 644 εἰς
616 591 778 649 ἆγιιῶνα
818 593 1071 639 ἀνακεῖσθαι.
1128 596 1206 635 hoc
1241 610 1334 648 ergo
1371 597 1474 636 illud

17 651 276 689 simulacrum
306 652 420 690 fluvii
447 665 532 690 esse
561 659 658 720 puto
687 651 794 704 quod
820 666 927 690 nunc
956 653 1130 692 Codinus
1159 653 1222 692 his
1250 655 1380 696 verbis
1407 655 1473 691 in-

8 709 126 746 ⁷nuit:
158 708 260 758 ἔνθα
287 707 356 749 καὶ
383 723 562 760 ποταμος
590 704 670 748 ἆπό
695 711 839 750 λευκοῦ
866 710 986 750 λίθου
1017 704 1229 762 ὄραῖμενος.
1283 711 1416 750 LAMB.

127 778 167 816 Ρ.
197 763 252 806 46
281 778 319 802 v·
349 766 386 805 1
442 761 515 805 τὸν
541 761 787 816 καλουμενον
816 766 951 816 Βοῦν]
991 764 1109 804 huius
1139 768 1216 803 loci
1243 766 1298 803 ita
1326 767 1473 803 memi-

14 821 74 857 nit
109 822 278 859 Ioannes
312 821 480 858 Tzetzes
518 819 621 859 chil.
660 823 686 861 9
733 823 838 863 615.
885 822 976 875 περὶ
1005 820 1101 875 βοος
1129 821 1173 863 δὲ
1202 817 1352 877 ἆγορᾶν
1379 821 1471 873 ἤτοι

6 873 109 930 ,πρὸς
135 878 237 928 βοῦν
264 874 332 918 τὸν
358 873 496 918 τόπον.
550 879 682 917 Lam.

122 947 164 984 Ρ.
188 931 243 973 46
269 946 308 972 v.
319 933 403 974 -10.
458 937 586 984 τεῖχος
609 934 676 972 hic
700 947 780 972 non
806 946 965 971 murum
988 933 1204 984 siguificat,
1233 932 1304 970 sed
1327 933 1470 970 castel-

13 988 96 1026 lum
125 1003 196 1028 seu
224 989 355 1027 locum
383 991 597 1030 munitum.
658 992 714 1028 ita
748 993 944 1028 Homerus
972 988 1086 1028 Iliad.
1115 991 1138 1029 δ
1167 988 1330 1027 Thebas
1355 997 1469 1027 vocat

9 1049 134 1096 τεῖχος
152 1043 334 1097 Ἀρειον,
368 1053 408 1083 et
436 1045 657 1085 Herodotus
681 1048 708 1084 1.
739 1049 763 1088 1
794 1046 937 1084 Sardes
965 1046 1140 1097 appellat
1166 1043 1210 1086 τὸ
1236 1050 1360 1097 τεῖχος
1387 1049 1468 1085 τῶν

10 1104 180 1149 Λυδῶν,
210 1109 249 1138 et
275 1103 319 1138 in
347 1103 506 1140 oraculo
532 1104 732 1154 Apollinis
758 1102 1066 1141 Atheniensibus
1094 1101 1186 1139 dato
1209 1105 1335 1151 τεῖχος
1357 1098 1467 1149 ξύλι-

5 1167 84 1197 ’νον
120 1159 315 1208 significat
348 1160 634 1195 munimentum
662 1159 851 1210 ligneum.
908 1159 1138 1210 saepissime
1165 1160 1207 1195 in
1235 1156 1311 1195 hac
1340 1159 1468 1209 signi-

8 1213 190 1252 ficatione
234 1216 403 1252 occurrit
443 1214 551 1266 apud
590 1214 842 1266 Stephanum
876 1214 1069 1261 Urbibus,
1114 1221 1158 1250 ut
1196 1213 1290 1253 νέον
1325 1219 1466 1265 τεῖχος,
1526 1256 1529 1258 ,

5 1268 150 1337 χωλὸν
174 1274 321 1322 τεῖχος,
362 1267 544 1323 ’Λβῶνου
570 1275 714 1322 τεῖχος,
741 1267 914 1321 Ρ’.Ηροιιον
940 1274 1085 1320 τεῖχος,
1127 1270 1299 1320 Γορδίου
1328 1273 1466 1320 τεῖχος,

0 1322 180 1367 παλαιὸν
203 1331 345 1379 τεῖχος,
374 1328 543 1379 δίδυμον
566 1331 704 1379 τεῖχος.
760 1325 927 1378 χάλκεον
952 1330 1079 1376 τεῖχος
1102 1324 1384 1376 exponendum
1406 1333 1466 1363 est

0 1383 213 1420 >castellum
239 1397 411 1422 aereum.
468 1383 651 1422 similiter
675 1382 782 1435 apud
810 1383 1113 1422 Constantinum
1137 1379 1286 1433 Porph.
1314 1379 1363 1419 de
1393 1380 1466 1419 ad-

1 1440 103 1478 min.
133 1441 235 1491 Imp.
264 1453 299 1478 c.
325 1441 396 1480 22.
455 1441 589 1477 ΙιΛιιιιι.

118 1494 243 1548 p.46
271 1509 310 1540 v.
339 1496 406 1538 13.
462 1511 606 1536 τουτου
642 1491 758 1547 χάριν
790 1493 940 1546 λέγεται
963 1489 1236 1544 Ἑξαιιιόνιον]
1276 1507 1370 1543 ergo
1397 1507 1464 1531 se-

0 1551 183 1590 cundum
218 1550 323 1590 hanc
359 1553 641 1604 etymologiam
676 1552 900 1589 necessario
930 1550 1185 1588 scribendum
1213 1555 1272 1586 est
1299 1547 1464 1597 ἐξωκιό-

0 1623 115 1649 ’νιονε
140 1615 318 1646 attamen
344 1609 388 1646 in
416 1609 600 1646 omnibus
627 1606 828 1646 codicibus
853 1603 1075 1654 ἓξακιόνιον
1101 1606 1292 1656 scriptum
1313 1606 1461 1643 inveni.

5 1663 106 1702 mihi
149 1664 306 1703 videtur
347 1662 479 1702 hunc
497 1667 632 1703 locum
674 1671 842 1714 utroque
880 1660 1000 1699 modo
1038 1662 1290 1698 nominatum
1324 1662 1462 1709 fuisse,

3 1718 229 1770 ἔξωκιονιον
268 1733 413 1770 nempe
454 1727 493 1757 et
531 1715 763 1784 ἓξακιονιον.
818 1715 1050 1755 huiusmodi
1086 1715 1260 1753 diversas
1287 1718 1461 1755 nominis

4 1779 122 1814 unius
162 1777 240 1815 loci
278 1776 519 1828 prolationes
555 1775 713 1826 saepius
751 1772 858 1824 apud
891 1772 1088 1811 Codinum
1124 1772 1342 1812 observavi.
1403 1774 1461 1810 sic

0 1837 45 1884 Ρ.
71 1834 126 1874 28
154 1846 192 1875 v.
216 1833 241 1872 9
282 1845 407 1870 unum
444 1829 695 1883 eundemque
723 1831 859 1867 locum
887 1829 1080 1880 appellari
1109 1829 1164 1865 ait
1191 1824 1462 1894 Αυγουστεῖον

4 1897 44 1927 et
72 1885 383 1942 Λυγουστιωνα,
424 1895 464 1926 et
498 1901 538 1939 p.
567 1884 621 1928 84
650 1900 688 1927 v.
719 1887 772 1927 16
802 1882 1054 1936 φωκόλισθον
1083 1892 1123 1922 et
1150 1881 1462 1933 φουλκόλισθον,

5 1953 43 1984 et
61 1959 101 2015 Ρ.
115 1946 242 1986 109v.
257 1943 309 1985 14
328 1943 546 1995 ψαμαθέαν
566 1950 605 1981 et
625 1942 877 1995 ψευμαθέαν,
898 1948 987 1993 etp.
1003 1942 1134 1982 117V.
1145 1938 1300 1981 9et10
1298 1938 1458 1995 Ἠραιον

4 2010 43 2040 et
68 2000 227 2054 Ἠρίον,
260 2008 298 2038 et
325 2014 364 2052 Ρ.
394 2001 475 2041 120
500 2013 538 2037 v.
564 2001 589 2039 9
620 1996 852 2048 Μαναυραν
882 2005 921 2035 et
953 1994 1227 2062 Μαγναύραν,
1257 2003 1295 2034 et
1316 2011 1356 2048 p.
1378 1998 1460 2037 120

0 2059 39 2097 ιτ.
62 2061 116 2100 10
145 2062 282 2109 σεῖσμα
311 2060 418 2107 σῆμα
448 2065 486 2094 et
514 2058 651 2107 σίγμα,
684 2062 724 2092 et
753 2069 788 2106 p.
810 2058 861 2096 77
883 2067 918 2091 v.
940 2054 967 2094 3
996 2050 1251 2104 μεσόμφαλον
1278 2060 1314 2089 et
1338 2051 1458 2103 μεσό-

0 2117 149 2164 λυφον,
192 2128 233 2165 Ρ.
266 2115 343 2154 127
383 2126 420 2150 v·
448 2115 474 2154 3
511 2128 558 2151 τα
578 2110 703 2152 ’Ἡλου
734 2118 772 2148 et
802 2127 848 2150 τα
866 2108 1007 2151 ’Ἱλλου.
1064 2123 1156 2146 vera
1192 2115 1325 2145 autem
1358 2109 1456 2146 ratio

2 2170 237 2208 liversitatis
275 2171 435 2207 illarum
473 2167 840 2206 denominationum
876 2165 1043 2204 habetur
1078 2164 1184 2216 apud
1219 2165 1457 2215 Procopium

5 2227 72 2265 lib.
121 2227 169 2264 de
213 2226 430 2275 aedficils,
480 2225 547 2262 ubi
588 2226 724 2262 locum
765 2222 817 2261 ad
858 2222 1078 2274 Anaplum,
1130 2221 1199 2272 qui
1240 2221 1455 2271 antiquitus

0 2281 202 2335 πρόοχθοι
240 2282 534 2335 appellabatur,
574 2287 711 2331 postea
749 2275 909 2347 βρόχοι
922 2284 1193 2329 nuncupatum
1228 2277 1351 2314 fuisse
1388 2278 1456 2322 ait,

0 2338 99 2377 haec
136 2338 400 2389 subiungens:
447 2334 764 2387 διαφθειρούσης
800 2332 847 2374 τοὶ
887 2330 1061 2387 ονόματα
1096 2336 1166 2383 τῆς
1201 2335 1281 2372 τῶν
1315 2331 1456 2382 ἐπιχω-

0 2397 101 2448 ρίων
139 2390 322 2447 ἀγνοίας,
365 2393 440 2431 hoc
478 2401 537 2432 est
572 2394 744 2444 pristino
782 2392 936 2429 nomine
973 2390 1200 2442 ignotantia
1234 2387 1455 2425 incolarum

3 2458 194 2502 corrupto.
251 2452 384 2488 Lam.

112 2522 154 2559 Ρ.
181 2505 236 2547 46
265 2520 302 2546 v.
334 2508 400 2547 17.
458 2506 723 2556 ΤεῒτοΡ)1ιιιιι
764 2516 854 2541 area
892 2510 974 2540 erat
1012 2499 1296 2554 quadrilatera,
1337 2504 1454 2551 quat-

3 2572 92 2601 tuor
119 2563 330 2614 porticibus
357 2563 565 2599 terminata
591 2568 630 2598 et
652 2559 819 2598 totidem
838 2558 988 2597 habens
1011 2566 1164 2608 portas,
1195 2555 1452 2607 quamobrem

1 2618 259 2665 Quadrivium
298 2632 456 2672 quoque
491 2631 565 2656 seu
602 2615 806 2670 τετραβιον
841 2614 1056 2667 antiquitus
1086 2614 1334 2650 nominatum
1363 2611 1450 2653 fuit.

3 2677 139 2717 Linus.

112 2744 154 2782 Ρ.
183 2728 237 2772 46
264 2745 304 2770 v.
335 2733 399 2773 18.
459 2728 687 2781 διήρκεσεν]
728 2730 935 2781 antiquum
966 2725 1251 2777 Tetrapylum‚
1290 2737 1314 2762 a
1343 2723 1449 2763 Con-

3 2788 173 2826 stanfino
215 2800 356 2837 magno
397 2794 582 2826 exstruct·
576 2800 664 2835 zu),
712 2785 935 2837 perduravit
980 2795 1105 2834 usque
1146 2780 1198 2819 ud
1239 2781 1449 2833 imperium
