1754 2990
428 125 502 168 An
538 123 799 168 comm-m
830 123 1035 168 norff„
1342 124 1458 180 *269

10 243 244 293 σταντιανοὲς
280 247 360 284 τῶν
397 242 521 297 ἆγίων
557 240 595 295 μ’
632 238 890 292 Ἀναστοῖσιος
917 242 987 284 καὶ
1013 239 1200 296 Ἀριάδνη
1229 240 1458 299 ἆνήγειραν.

11 300 107 369 μετα
147 300 190 342 δὲ
227 297 270 342 τὸ
305 300 439 340 ἐλθεῖν
464 315 509 341 το
536 301 729 350 λείψανον
757 303 829 341 τοῦ
857 299 974 353 ἅγίου
1001 297 1334 369 πρωτομιίρτυρος
1361 307 1461 343 Eva-

9 355 146 411 φάνου
189 353 404 424 α’νήγειραν
445 355 577 409 ἕτερον
615 371 715 396 ναον
753 354 896 411 μικρὸν
932 355 1001 397 καὶ
1039 354 1301 410 ἐπωνόμασαν
1339 355 1462 401 αὐτὸν

9 418 84 456 τοῦ
111 413 228 467 αγίου
255 410 479 463 Στεφάνου.
535 414 664 450 ΙιΑΜΒ.

123 485 160 522 p.
187 472 240 510 92
268 481 307 507 v.
334 470 370 510 1.
425 465 699 521 Ἀρεοβίνδου]
730 466 796 506 hic
820 467 1069 507 Areobiudus
1097 470 1318 520 praefectus
1345 483 1464 522 prae-

9 529 110 566 torio
151 526 319 564 orientis
350 533 390 564 et
420 526 576 563 Africae
605 526 703 574 fuit,
747 531 786 563 et
813 526 1037 564 Proiectam
1064 527 1274 565 Iustiniani
1301 534 1464 580 neptem

10 596 178 622 uxorem
207 581 360 622 habuit.
415 583 544 619 Lm.

120 653 159 704 p.
190 640 244 679 92
277 651 314 676 v.
345 639 410 678 12.
462 633 700 706 Ἀρματίου]
740 637 942 689 tripliciter
978 636 1053 676 hoc
1087 651 1235 677 nomen
1273 640 1463 692 scriptum

10 696 167 743 inveni,
197 707 341 746 nempe
370 692 564 746 ἁρματίου
594 690 786 746 ἅρμα-τίον
816 701 856 732 et
884 690 1074 745 ἆρμάτου.
1131 697 1257 734 Lim.

121 764 161 802 p.
188 751 244 792 92
271 763 308 788 v.
335 750 401 791 15.
459 747 719 803 ανερχόμενος
745 747 813 790 τὸν
840 751 1023 802 κοχλίαν]
1057 749 1155 790 adeo
1180 753 1358 790 vicinum
1383 757 1466 790 erat

9 808 203 860 palatium
229 807 525 858 imperatorium
555 806 847 858 Hippodromo,
891 814 936 844 ut
963 820 1016 844 ex
1045 809 1193 858 palatio
1221 810 1263 845 in
1292 809 1467 846 tribunal

10 863 273 916 Hippodromi
314 877 384 914 per
425 864 573 901 scalam
616 862 839 900 cochlidem
878 863 1172 912 ascenderetur,
1218 873 1261 902 ut
1301 872 1467 903 testatur

11 919 197 958 chronici
225 919 487 957 Alexandrini
515 926 667 958 auctor:
704 918 770 959 καὶ
798 917 1008 968 παλατιον,
1040 921 1190 971 inquit,
1223 920 1320 973 μέγα
1346 919 1466 972 ποιή-

10 987 83 1024 σας
109 976 279 1042 πλησίον
307 979 382 1016 τοῦ
411 972 537 1016 αυτοῦ
566 976 753 1023 ἱππικοῦ,
789 975 857 1015 καὶ
886 973 1034 1016 avocone
1064 972 1147 1016 οἷπό
1173 979 1245 1016 τοῦ
1273 979 1466 1017 παλατίου

11 1033 68 1079 εἰς
106 1030 152 1072 ‘co'
188 1028 370 1083 κάθισμα
406 1036 479 1072 τοῦ
517 1033 685 1072 ἱππικοῦ
718 1028 784 1072 διὰ
819 1034 891 1071 τοῦ
923 1031 1136 1085 λεγομένου
1174 1035 1346 1085 κοχλίου.
1417 1033 1465 1071 de

10 1087 86 1126 hac
122 1090 229 1126 scala
266 1087 445 1126 cochlide
483 1090 659 1140 loquitur
694 1089 736 1125 in
774 1091 995 1139 praesentia
1031 1088 1206 1127 Codinus
1229 1097 1283 1126 .et
1319 1103 1356 1140 p.
1386 1091 1467 1130 112

10 1158 49 1183 v.
81 1145 155 1192 10,
200 1145 269 1182 ubi
310 1158 398 1182 eam
433 1152 546 1183 vocat
573 1142 640 1184 τὸν
670 1142 870 1184 σκοτεινὸν
895 1145 1068 1196 κοχλίαν.
1126 1147 1182 1183 ita
1210 1147 1318 1183 enim
1347 1144 1467 1182 undi-

11 1214 89 1253 que
129 1208 230 1238 tecta
265 1208 367 1250 erat,
405 1214 456 1238 ne
484 1207 730 1238 transeuntes
758 1201 854 1238 foris
883 1203 1214 1253 conspicerentur.
1272 1201 1468 1240 eiusmodi

9 1259 197 1295 transitus
244 1263 366 1295 tectos
414 1264 453 1295 et
502 1264 673 1295 secretos
721 1255 896 1294 Codinus
942 1259 983 1294 in
1030 1258 1130 1295 libro
1180 1257 1228 1294 de
1271 1265 1468 1296 structura

11 1314 54 1351 S.
84 1313 257 1365 Sophiae
286 1314 461 1365 appellat
489 1309 698 1365 διαβατικοέ
727 1309 958 1354 anement.
995 1312 1043 1350 de
1077 1314 1265 1351 tribunali
1292 1315 1468 1352 Circensi

9 1371 279 1420 imperatoris,
310 1369 417 1422 quod
443 1367 625 1421 κάθισμα
652 1376 690 1406 et
718 1366 845 1420 στάμα
872 1367 1072 1422 βασιλικὸν
1097 1373 1171 1411 τοῦ
1198 1370 1467 1424 ἱπποδρομίου

10 1427 150 1464 Graeci
178 1434 430 1478 nuncupant,
460 1427 555 1464 alias
586 1427 680 1464 satis
708 1427 856 1463 notavi.
914 1427 1040 1467 Lm.

122 1496 160 1534 p.
191 1484 245 1524 93
273 1495 311 1522 V.
342 1485 406 1523 11.
466 1481 648 1535 Ζεῦγμα]
679 1495 779 1534 quae
808 1481 873 1519 hic
903 1481 1088 1520 dicuutur
1116 1481 1165 1519 de
1193 1482 1282 1520 loco
1310 1494 1467 1519 nuncu-

10 1545 103 1589 pato
135 1539 351 1590 Zeugmate
391 1545 430 1575 et
467 1540 722 1576 translatione
750 1539 1009 1588 reliquiarum
1038 1539 1080 1575 S.
1108 1537 1302 1589 Stephani
1331 1544 1466 1588 proto-

9 1596 213 1646 martyris,
251 1595 452 1633 confirmat
479 1597 635 1633 Nicetas
662 1593 796 1631 rhetor
824 1596 865 1630 in
895 1592 1085 1631 hactenus
1111 1594 1260 1631 inedita
1289 1595 1465 1632 oratione
1503 1610 1507 1613 ¹

12 1649 61 1687 de
90 1652 271 1701 passione
301 1651 342 1690 S.
372 1649 565 1702 Stephani
591 1658 630 1687 et
651 1651 823 1699 corporis
845 1650 928 1686 eius
951 1650 1197 1696 inventione,
1230 1650 1293 1687 his
1313 1651 1464 1687 verbis.

10 1707 267 1758 προλαβοῦσα
303 1706 458 1754 τοίνυν,
499 1707 649 1757 inquit,
691 1701 883 1755 Ἰουλιανὴ
921 1720 987 1743 και
1022 1702 1295 1756 διαπερασασα
1324 1708 1467 1745 τοῦτον

13 1763 70 1810 εἰς
108 1759 151 1801 τό
187 1758 461 1827 ἐπιλεγόμενον
499 1764 725 1813 σταυρεῖον,
769 1757 870 1800 όθεν
899 1758 951 1812 δη
978 1758 1046 1808 τὰς
1075 1758 1268 1812 ἡμιόνους
1295 1759 1467 1809 υποζεύ-

12 1820 147 1867 ξαντες
174 1820 230 1871 τῷ
259 1832 402 1869 αρματι
427 1815 496 1856 καὶ
520 1815 595 1869 τήν
621 1815 739 1868 ἇγίαν
764 1812 873 1870 αὐτῷ
898 1816 1128 1869 ἐπιθέμενοι
1152 1815 1268 1869 σορὸν
1290 1815 1467 1869 ἤλαυνον

13 1890 69 1922 ως
105 1873 168 1914 ἐπὶ
206 1890 254 1913 τα
294 1874 485 1939 βασίλεια.
546 1869 667 1927 ταύτῃ
703 1887 763 1912 τοι
794 1872 862 1912 καὶ
892 1874 1036 1925 ζεῦγμα
1063 1875 1133 1914 τόν
1160 1871 1285 1914 τόπον
1313 1873 1467 1914 ἐκεῖνον

13 1930 167 1981 ἔφασαν
193 1925 516 1981 κατωνομασθαι.
575 1936 614 1966 et
643 1929 761 1980 paulo
791 1935 898 1980 post:
939 1927 1083 1982 ἤγονω
1114 1928 1157 1970 δὲ
1184 1945 1230 1969 τα
1261 1932 1342 1978 ζωα
1370 1944 1466 1970 συν-

13 1984 162 2034 τόνως,
191 1986 265 2034 ἕως
295 1987 351 2033 εἷς
375 1983 499 2026 τόπον
526 1980 659 2038 ἦλθον
680 1984 1018 2055 1Κιιιινστταντιανοκς
1038 1983 1339 2038 ὀνομαζόμενον.
1386 1985 1470 2026 ἐκεῖ

14 2041 58 2082 δὲ
97 2038 306 2111 γενόμεναι
342 2042 409 2082 καὶ
448 2039 579 2094 ὥσπερ
616 2057 694 2082 τινι
730 2042 862 2097 δεσμῷ
892 2043 1030 2093 βιαίως
1059 2039 1322 2096 κρατούμεναι
1350 2057 1467 2093 μετα-

16 2099 170 2150 βαίνειν
209 2095 283 2139 ουίι
323 2099 470 2150 ἰ’.σχυον
527 2112 596 2150 per
633 2095 702 2145 τὰς
740 2083 1071 2146 Κωνσταντιανοῖς
1107 2098 1285 2136 thermae
1314 2099 1467 2136 intelli-

15 2162 161 2205 guntur
201 2157 518 2194 Constantianae.
576 2167 782 2206 perperam
818 2154 939 2204 igitur
973 2156 1014 2192 in
1052 2169 1131 2193 uno
1164 2154 1249 2193 cod.
1282 2156 1367 2194 Vat.
1395 2168 1466 2206 pro

17 2211 125 2262 μέχρι
150 2227 231 2250 των
258 2213 599 2251 Κωνσταντιανῶν
628 2212 771 2261 legitur
801 2209 909 2264 μέχρι
933 2214 1003 2264 τῆς
1029 2212 1318 2259 Κωνσταντίας.
1374 2209 1466 2249 vide

16 2266 281 2318 Nicephorum
308 2269 515 2306 Callistum
547 2267 599 2307 14
644 2268 683 2306 9.
740 2268 868 2305 LAMB.

129 2337 170 2374 p.
208 2324 261 2364 94
303 2338 341 2362 v.
383 2325 447 2365 19.
503 2319 714 2375 Ἀρκαδίου
760 2326 832 2363 τοῦ
879 2322 1088 2374 βασιλέως]
1142 2323 1322 2375 quamvis
1369 2320 1468 2359 haec

16 2380 215 2416 unanimis
251 2381 302 2417 sit
337 2382 514 2418 omnium
543 2382 776 2431 scriptorum
804 2378 983 2418 codicum
1010 2380 1150 2428 lectio,
1185 2386 1360 2416 attamen
1391 2377 1468 2416 du·

16 2434 127 2473 bium
155 2449 235 2473 non
266 2444 325 2474 est
354 2438 448 2489 quin
476 2436 691 2486 legendum
721 2438 771 2474 sit
799 2437 1011 2477 Θεοδοσίου
1035 2438 1108 2476 τοῦ
1131 2435 1226 2476 υἷοῦ
1250 2431 1468 2485 Ἀρκαδίου.

18 2489 83 2528 hic
120 2493 229 2530 enim
268 2500 327 2530 est
366 2492 582 2531 Antiochus
618 2495 736 2530 Persa
767 2498 806 2529 et
833 2492 1059 2541 eunuchus,
1101 2505 1220 2544 quem
1247 2490 1467 2542 lsdigerdes

18 2548 229 2586 Persarum
269 2563 341 2587 rex
379 2556 467 2601 post
503 2556 672 2587 mortem
700 2547 859 2586 Arcadii
885 2548 1114 2588 Theodosio
1140 2549 1284 2585 iuniori
1312 2555 1467 2585 curato-

19 2616 105 2641 rem
143 2606 344 2654 submisit,
387 2613 431 2644 ut
469 2612 660 2643 testantur
701 2619 781 2644 uno
817 2619 884 2644 ore
920 2609 1093 2644 Zonaras
1124 2604 1322 2642 cedrenus
1351 2604 1467 2642 Nice-

17 2658 167 2710 phorus
207 2669 246 2700 et
285 2664 429 2700 caeteri
464 2663 685 2714 scriptores.
743 2662 902 2700 eosdem
929 2676 1021 2700 vero
1051 2675 1150 2714 quos
1178 2663 1219 2698 in
1247 2661 1468 2729 praesentia

18 2715 213 2765 Codinus,
252 2721 371 2756 etiam
398 2719 599 2757 Cedrenus
629 2717 823 2758 Antiocho
852 2720 988 2757 titulos
1019 2719 1173 2756 tribuit:
1215 2720 1271 2772 τῷ
1298 2714 1353 2764 λς’
1380 2716 1468 2764 ἔτει,

17 2771 170 2824 inquit,
209 2771 419 2824 Θεοδόσιος
456 2775 478 2817 ὁ”
507 2772 691 2828 βασιλευς
717 2771 918 2828 Ἀντίοχυν
945 2771 1207 2829 πραιπόσιτον
1234 2759 1302 2815 ua)
1329 2772 1469 2827 πατρί-
