<?xml version="1.0" encoding="UTF-8"?>
<!DOCTYPE html PUBLIC "-//W3C//DTD XHTML 1.0 Transitional//EN"
    "http://www.w3.org/TR/xhtml1/DTD/xhtml1-transitional.dtd">
<html xmlns="http://www.w3.org/1999/xhtml" xml:lang="en" lang="en">
 <head>
  <title>
</title>
<meta http-equiv="Content-Type" content="text/html;charset=utf-8" />
  <meta name='ocr-system' content='tesseract 3.04.00' />
  <meta name='ocr-capabilities' content='ocr_page ocr_carea ocr_par ocr_line ocrx_word'/>
</head>
<body>
  <div class='ocr_page' id='page_1' title='image "./corpusscriptorum15niebuoft_0285.png"; bbox 0 0 1754 2990; ppageno 0'>
   <div class='ocr_carea' id='block_1_1' title="bbox 437 117 1468 189">
    <p class='ocr_par' dir='ltr' id='par_1_1' title="bbox 437 117 1468 189">
     <span class='ocr_line' id='line_1_1' title="bbox 437 117 1468 189; baseline 0.005 -14"><span class='ocrx_word' id='word_1_1' title='bbox 437 132 514 175; x_wconf 68' lang='grc' dir='ltr'><strong>ιιι</strong></span> <span class='ocrx_word' id='word_1_2' title='bbox 549 131 814 189; x_wconf 73' lang='lat' dir='ltr'><strong>conmmu</strong></span> <span class='ocrx_word' id='word_1_3' title='bbox 841 131 1046 176; x_wconf 78' lang='lat' dir='ltr'><strong>NOTAE.</strong></span> <span class='ocrx_word' id='word_1_4' title='bbox 1224 117 1228 126; x_wconf 83' lang='lat'>&#39;</span> <span class='ocrx_word' id='word_1_5' title='bbox 1359 132 1468 185; x_wconf 70' lang='lat'><strong>265</strong></span> 
     </span>
    </p>
   </div>
   <div class='ocr_carea' id='block_1_2' title="bbox 17 247 1537 2834">
    <p class='ocr_par' dir='ltr' id='par_1_2' title="bbox 17 247 1471 357">
     <span class='ocr_line' id='line_1_2' title="bbox 17 247 1471 306; baseline 0.001 -14"><span class='ocrx_word' id='word_1_6' title='bbox 17 251 153 292; x_wconf 79' lang='lat' dir='ltr'><strong>codice</strong></span> <span class='ocrx_word' id='word_1_7' title='bbox 194 253 284 292; x_wconf 84' lang='lat' dir='ltr'><strong>Vat.</strong></span> <span class='ocrx_word' id='word_1_8' title='bbox 321 264 395 304; x_wconf 86' lang='lat' dir='ltr'><strong>pro</strong></span> <span class='ocrx_word' id='word_1_9' title='bbox 434 247 683 306; x_wconf 73' lang='grc' dir='ltr'><strong>Πινόδωρος</strong></span> <span class='ocrx_word' id='word_1_10' title='bbox 715 265 926 304; x_wconf 78' lang='lat' dir='ltr'>perperam</span> <span class='ocrx_word' id='word_1_11' title='bbox 958 254 1149 304; x_wconf 74' lang='lat' dir='ltr'><strong>scriptum</strong></span> <span class='ocrx_word' id='word_1_12' title='bbox 1179 251 1318 293; x_wconf 78' lang='lat' dir='ltr'><strong>inveni</strong></span> <span class='ocrx_word' id='word_1_13' title='bbox 1352 248 1471 299; x_wconf 70' lang='grc' dir='ltr'><strong><em>Πέν-</em></strong></span> 
     </span>
     <span class='ocr_line' id='line_1_3' title="bbox 17 309 349 357; baseline 0.003 -7"><span class='ocrx_word' id='word_1_14' title='bbox 17 310 43 350; x_wconf 83' lang='grc' dir='ltr'><em>δ</em></span> <span class='ocrx_word' id='word_1_15' title='bbox 101 324 158 357; x_wconf 83' lang='grc' dir='ltr'><strong>ος.</strong></span> <span class='ocrx_word' id='word_1_16' title='bbox 213 309 349 351; x_wconf 60' lang='grc' dir='ltr'><strong>ΒΔΗ).</strong></span> 
     </span>
    </p>

    <p class='ocr_par' dir='ltr' id='par_1_3' title="bbox 18 325 1537 2327">
     <span class='ocr_line' id='line_1_4' title="bbox 45 325 1474 417; baseline 0.002 -15"><span class='ocrx_word' id='word_1_17' title='bbox 45 325 99 364; x_wconf 57' lang='lat' dir='ltr'>m</span> <span class='ocrx_word' id='word_1_18' title='bbox 130 379 171 417; x_wconf 86' lang='lat' dir='ltr'><strong>p.</strong></span> <span class='ocrx_word' id='word_1_19' title='bbox 198 365 253 406; x_wconf 87' lang='lat'><strong>85</strong></span> <span class='ocrx_word' id='word_1_20' title='bbox 280 377 322 403; x_wconf 74' lang='lat' dir='ltr'><strong>v.</strong></span> <span class='ocrx_word' id='word_1_21' title='bbox 349 364 389 404; x_wconf 85' lang='lat'><strong>3.</strong></span> <span class='ocrx_word' id='word_1_22' title='bbox 446 359 742 414; x_wconf 80' lang='grc' dir='ltr'><strong>φουλκόληστος</strong></span> <span class='ocrx_word' id='word_1_23' title='bbox 778 365 992 417; x_wconf 79' lang='lat' dir='ltr'><strong>antiquitus</strong></span> <span class='ocrx_word' id='word_1_24' title='bbox 1025 366 1096 403; x_wconf 87' lang='lat' dir='ltr'><strong>ille</strong></span> <span class='ocrx_word' id='word_1_25' title='bbox 1121 366 1233 403; x_wconf 86' lang='lat' dir='ltr'><strong>locus</strong></span> <span class='ocrx_word' id='word_1_26' title='bbox 1261 366 1474 405; x_wconf 82' lang='lat' dir='ltr'><strong>vocabatur</strong></span> 
     </span>
     <span class='ocr_line' id='line_1_5' title="bbox 21 421 1474 474; baseline 0.001 -13"><span class='ocrx_word' id='word_1_27' title='bbox 21 421 73 461; x_wconf 87' lang='lat' dir='ltr'><strong>ob</strong></span> <span class='ocrx_word' id='word_1_28' title='bbox 99 422 271 474; x_wconf 69' lang='lat' dir='ltr'><strong>latrone·</strong></span> <span class='ocrx_word' id='word_1_29' title='bbox 294 421 352 460; x_wconf 84' lang='lat' dir='ltr'><strong>ibi</strong></span> <span class='ocrx_word' id='word_1_30' title='bbox 376 432 588 472; x_wconf 79' lang='lat' dir='ltr'><strong>suspensos</strong></span> <span class='ocrx_word' id='word_1_31' title='bbox 614 433 685 457; x_wconf 77' lang='lat' dir='ltr'><strong>seu</strong></span> <span class='ocrx_word' id='word_1_32' title='bbox 709 421 828 458; x_wconf 83' lang='lat' dir='ltr'><strong>furcis</strong></span> <span class='ocrx_word' id='word_1_33' title='bbox 853 421 1014 459; x_wconf 80' lang='lat' dir='ltr'><strong>affixos:</strong></span> <span class='ocrx_word' id='word_1_34' title='bbox 1044 429 1180 473; x_wconf 74' lang='lat' dir='ltr'><strong>postea</strong></span> <span class='ocrx_word' id='word_1_35' title='bbox 1198 435 1288 460; x_wconf 85' lang='lat' dir='ltr'><strong>vero</strong></span> <span class='ocrx_word' id='word_1_36' title='bbox 1309 435 1332 459; x_wconf 87' lang='lat' dir='ltr'><strong>a</strong></span> <span class='ocrx_word' id='word_1_37' title='bbox 1352 425 1474 474; x_wconf 85' lang='lat' dir='ltr'><strong>vulgo</strong></span> 
     </span>
     <span class='ocr_line' id='line_1_6' title="bbox 21 474 1474 530; baseline 0.003 -14"><span class='ocrx_word' id='word_1_38' title='bbox 21 483 204 530; x_wconf 79' lang='lat' dir='ltr'><strong>corrupte</strong></span> <span class='ocrx_word' id='word_1_39' title='bbox 226 478 454 515; x_wconf 79' lang='lat' dir='ltr'><strong>nominatus</strong></span> <span class='ocrx_word' id='word_1_40' title='bbox 477 477 555 514; x_wconf 87' lang='lat' dir='ltr'><strong>fuit</strong></span> <span class='ocrx_word' id='word_1_41' title='bbox 575 474 855 527; x_wconf 76' lang='grc' dir='ltr'><strong>φωκόλισθον,</strong></span> <span class='ocrx_word' id='word_1_42' title='bbox 885 479 999 529; x_wconf 84' lang='lat' dir='ltr'><strong>quasi</strong></span> <span class='ocrx_word' id='word_1_43' title='bbox 1018 477 1042 518; x_wconf 82' lang='grc' dir='ltr'>ὁ</span> <span class='ocrx_word' id='word_1_44' title='bbox 1059 481 1132 519; x_wconf 81' lang='grc' dir='ltr'><strong>τοῦ</strong></span> <span class='ocrx_word' id='word_1_45' title='bbox 1154 480 1277 518; x_wconf 73' lang='grc' dir='ltr'><strong>Φωκᾶ</strong></span> <span class='ocrx_word' id='word_1_46' title='bbox 1295 477 1474 528; x_wconf 81' lang='grc' dir='ltr'><strong>ὄλισθος.</strong></span> 
     </span>
     <span class='ocr_line' id='line_1_7' title="bbox 21 533 1475 586; baseline 0.001 -14"><span class='ocrx_word' id='word_1_47' title='bbox 21 535 205 573; x_wconf 74' lang='lat' dir='ltr'><strong>similiter</strong></span> <span class='ocrx_word' id='word_1_48' title='bbox 239 534 459 584; x_wconf 85' lang='lat' dir='ltr'><strong>compluria</strong></span> <span class='ocrx_word' id='word_1_49' title='bbox 496 535 573 570; x_wconf 81' lang='lat' dir='ltr'><strong>alia</strong></span> <span class='ocrx_word' id='word_1_50' title='bbox 608 534 697 571; x_wconf 83' lang='lat' dir='ltr'><strong>loca</strong></span> <span class='ocrx_word' id='word_1_51' title='bbox 729 534 842 585; x_wconf 87' lang='lat' dir='ltr'><strong>Cpoli</strong></span> <span class='ocrx_word' id='word_1_52' title='bbox 873 533 1044 586; x_wconf 80' lang='lat' dir='ltr'><strong>duplicia</strong></span> <span class='ocrx_word' id='word_1_53' title='bbox 1072 533 1271 573; x_wconf 84' lang='lat' dir='ltr'><strong>habebant</strong></span> <span class='ocrx_word' id='word_1_54' title='bbox 1298 538 1475 586; x_wconf 86' lang='lat' dir='ltr'><strong>nomina,</strong></span> 
     </span>
     <span class='ocr_line' id='line_1_8' title="bbox 18 588 1478 644; baseline 0.001 -15"><span class='ocrx_word' id='word_1_55' title='bbox 18 597 66 629; x_wconf 85' lang='lat' dir='ltr'><strong>ut</strong></span> <span class='ocrx_word' id='word_1_56' title='bbox 106 602 226 642; x_wconf 76' lang='lat' dir='ltr'><strong>supra</strong></span> <span class='ocrx_word' id='word_1_57' title='bbox 266 591 402 628; x_wconf 78' lang='lat' dir='ltr'><strong>notavi</strong></span> <span class='ocrx_word' id='word_1_58' title='bbox 433 588 484 626; x_wconf 81' lang='lat' dir='ltr'><strong>ad</strong></span> <span class='ocrx_word' id='word_1_59' title='bbox 511 603 551 641; x_wconf 94' lang='grc' dir='ltr'><strong>Ρ.</strong></span> <span class='ocrx_word' id='word_1_60' title='bbox 580 588 636 630; x_wconf 83' lang='grc'><strong>46</strong></span> <span class='ocrx_word' id='word_1_61' title='bbox 666 603 705 630; x_wconf 81' lang='lat' dir='ltr'><strong>v,</strong></span> <span class='ocrx_word' id='word_1_62' title='bbox 735 591 802 632; x_wconf 87' lang='lat'><strong>13.</strong></span> <span class='ocrx_word' id='word_1_63' title='bbox 860 598 1057 628; x_wconf 86' lang='lat' dir='ltr'><strong>caeterum</strong></span> <span class='ocrx_word' id='word_1_64' title='bbox 1084 591 1191 644; x_wconf 88' lang='lat' dir='ltr'><strong>quod</strong></span> <span class='ocrx_word' id='word_1_65' title='bbox 1219 591 1393 630; x_wconf 76' lang='lat' dir='ltr'><strong>Codinus</strong></span> <span class='ocrx_word' id='word_1_66' title='bbox 1421 595 1478 630; x_wconf 89' lang='lat' dir='ltr'><strong>ait</strong></span> 
     </span>
     <span class='ocr_line' id='line_1_9' title="bbox 19 647 1475 702; baseline 0.001 -18"><span class='ocrx_word' id='word_1_67' title='bbox 19 647 324 686; x_wconf 74' lang='lat' dir='ltr'><strong>Constantinum</strong></span> <span class='ocrx_word' id='word_1_68' title='bbox 364 659 557 697; x_wconf 81' lang='lat' dir='ltr'><strong>magnum</strong></span> <span class='ocrx_word' id='word_1_69' title='bbox 595 647 767 688; x_wconf 78' lang='lat' dir='ltr'><strong>latrones</strong></span> <span class='ocrx_word' id='word_1_70' title='bbox 804 647 847 683; x_wconf 86' lang='lat' dir='ltr'><strong>in</strong></span> <span class='ocrx_word' id='word_1_71' title='bbox 884 661 930 685; x_wconf 94' lang='lat' dir='ltr'><strong>eo</strong></span> <span class='ocrx_word' id='word_1_72' title='bbox 966 649 1075 696; x_wconf 87' lang='lat' dir='ltr'><strong>loco,</strong></span> <span class='ocrx_word' id='word_1_73' title='bbox 1115 649 1185 686; x_wconf 90' lang='lat' dir='ltr'><strong>ubi</strong></span> <span class='ocrx_word' id='word_1_74' title='bbox 1213 648 1475 702; x_wconf 78' lang='lat' dir='ltr'><strong>deliquerant,</strong></span> 
     </span>
     <span class='ocr_line' id='line_1_10' title="bbox 19 701 1477 755; baseline 0.001 -13"><span class='ocrx_word' id='word_1_75' title='bbox 19 701 273 755; x_wconf 77' lang='lat' dir='ltr'>suspendisse</span> <span class='ocrx_word' id='word_1_76' title='bbox 315 715 387 740; x_wconf 74' lang='lat' dir='ltr'><strong>seu</strong></span> <span class='ocrx_word' id='word_1_77' title='bbox 422 704 464 739; x_wconf 89' lang='lat' dir='ltr'><strong>in</strong></span> <span class='ocrx_word' id='word_1_78' title='bbox 499 704 630 740; x_wconf 82' lang='lat' dir='ltr'><strong>furcas</strong></span> <span class='ocrx_word' id='word_1_79' title='bbox 666 703 823 752; x_wconf 85' lang='lat' dir='ltr'><strong>fixisse,</strong></span> <span class='ocrx_word' id='word_1_80' title='bbox 866 704 952 741; x_wconf 87' lang='lat' dir='ltr'><strong>iure</strong></span> <span class='ocrx_word' id='word_1_81' title='bbox 979 705 1128 743; x_wconf 85' lang='lat' dir='ltr'><strong>factum</strong></span> <span class='ocrx_word' id='word_1_82' title='bbox 1156 706 1231 742; x_wconf 84' lang='lat' dir='ltr'><strong>fuit</strong></span> <span class='ocrx_word' id='word_1_83' title='bbox 1257 705 1477 744; x_wconf 81' lang='lat' dir='ltr'><strong>secundum</strong></span> 
     </span>
     <span class='ocr_line' id='line_1_11' title="bbox 18 756 1478 811; baseline 0.001 -14"><span class='ocrx_word' id='word_1_84' title='bbox 18 761 98 811; x_wconf 86' lang='lat' dir='ltr'><strong>leg.</strong></span> <span class='ocrx_word' id='word_1_85' title='bbox 127 759 366 811; x_wconf 69' lang='lat' dir='ltr'><strong>Capitulium</strong></span> <span class='ocrx_word' id='word_1_86' title='bbox 393 756 416 811; x_wconf 60' lang='grc' dir='ltr'><strong>ξ</strong></span> <span class='ocrx_word' id='word_1_87' title='bbox 443 760 630 797; x_wconf 84' lang='lat' dir='ltr'><strong>Famosos</strong></span> <span class='ocrx_word' id='word_1_88' title='bbox 656 760 704 797; x_wconf 87' lang='lat' dir='ltr'><strong>D.</strong></span> <span class='ocrx_word' id='word_1_89' title='bbox 734 758 784 796; x_wconf 89' lang='lat' dir='ltr'><strong>de</strong></span> <span class='ocrx_word' id='word_1_90' title='bbox 811 763 968 811; x_wconf 79' lang='lat' dir='ltr'><strong>poenis:</strong></span> <span class='ocrx_word' id='word_1_91' title='bbox 1001 761 1187 811; x_wconf 71' lang='lat' dir='ltr'><strong>famosos</strong></span> <span class='ocrx_word' id='word_1_92' title='bbox 1226 761 1397 799; x_wconf 74' lang='lat' dir='ltr'><strong>latrones</strong></span> <span class='ocrx_word' id='word_1_93' title='bbox 1433 764 1478 799; x_wconf 83' lang='lat' dir='ltr'><strong>in</strong></span> 
     </span>
     <span class='ocr_line' id='line_1_12' title="bbox 18 814 1478 870; baseline 0.002 -17"><span class='ocrx_word' id='word_1_94' title='bbox 18 815 83 853; x_wconf 73' lang='lat' dir='ltr'><strong>his</strong></span> <span class='ocrx_word' id='word_1_95' title='bbox 110 815 223 861; x_wconf 75' lang='lat' dir='ltr'><strong>locis,</strong></span> <span class='ocrx_word' id='word_1_96' title='bbox 261 814 332 853; x_wconf 80' lang='lat' dir='ltr'><strong>ubi</strong></span> <span class='ocrx_word' id='word_1_97' title='bbox 353 817 532 867; x_wconf 81' lang='lat' dir='ltr'><strong>grassati</strong></span> <span class='ocrx_word' id='word_1_98' title='bbox 554 823 665 861; x_wconf 76' lang='lat' dir='ltr'><strong>sunt,</strong></span> <span class='ocrx_word' id='word_1_99' title='bbox 691 816 822 867; x_wconf 85' lang='lat' dir='ltr'><strong>furca</strong></span> <span class='ocrx_word' id='word_1_100' title='bbox 838 816 1026 868; x_wconf 70' lang='lat' dir='ltr'><strong>figendos</strong></span> <span class='ocrx_word' id='word_1_101' title='bbox 1054 818 1358 868; x_wconf 71' lang='lat' dir='ltr'><em>quampluribus</em></span> <span class='ocrx_word' id='word_1_102' title='bbox 1378 818 1478 870; x_wconf 85' lang='lat' dir='ltr'><strong>pla-</strong></span> 
     </span>
     <span class='ocr_line' id='line_1_13' title="bbox 20 872 1477 925; baseline 0.001 -15"><span class='ocrx_word' id='word_1_103' title='bbox 20 873 128 920; x_wconf 76' lang='lat' dir='ltr'><strong>euit5</strong></span> <span class='ocrx_word' id='word_1_104' title='bbox 174 884 275 924; x_wconf 87' lang='lat' dir='ltr'><strong>quae</strong></span> <span class='ocrx_word' id='word_1_105' title='bbox 316 872 437 910; x_wconf 79' lang='lat' dir='ltr'><strong>verba</strong></span> <span class='ocrx_word' id='word_1_106' title='bbox 476 873 533 910; x_wconf 86' lang='lat' dir='ltr'><strong>ita</strong></span> <span class='ocrx_word' id='word_1_107' title='bbox 573 873 775 909; x_wconf 75' lang='lat' dir='ltr'><strong>transtulit</strong></span> <span class='ocrx_word' id='word_1_108' title='bbox 810 874 1125 925; x_wconf 81' lang='lat' dir='ltr'><strong>Harmenopolus</strong></span> <span class='ocrx_word' id='word_1_109' title='bbox 1162 874 1231 911; x_wconf 90' lang='lat' dir='ltr'><strong>lib.</strong></span> <span class='ocrx_word' id='word_1_110' title='bbox 1270 875 1297 914; x_wconf 87' lang='lat'><strong>6</strong></span> <span class='ocrx_word' id='word_1_111' title='bbox 1332 875 1394 912; x_wconf 82' lang='lat' dir='ltr'><strong>tit.</strong></span> <span class='ocrx_word' id='word_1_112' title='bbox 1430 878 1477 916; x_wconf 87' lang='lat'><strong>6:</strong></span> 
     </span>
     <span class='ocr_line' id='line_1_14' title="bbox 20 925 1478 982; baseline 0.001 -13"><span class='ocrx_word' id='word_1_113' title='bbox 20 929 64 970; x_wconf 81' lang='grc' dir='ltr'><strong>οἱ</strong></span> <span class='ocrx_word' id='word_1_114' title='bbox 87 927 275 980; x_wconf 71' lang='grc' dir='ltr'><strong>ἐπίσημοι</strong></span> <span class='ocrx_word' id='word_1_115' title='bbox 300 927 439 982; x_wconf 73' lang='grc' dir='ltr'><strong>λῃσταὶ</strong></span> <span class='ocrx_word' id='word_1_116' title='bbox 468 928 511 968; x_wconf 84' lang='grc' dir='ltr'><strong><em>ἕν</em></strong></span> <span class='ocrx_word' id='word_1_117' title='bbox 538 932 621 976; x_wconf 85' lang='grc' dir='ltr'><strong>τοῖς</strong></span> <span class='ocrx_word' id='word_1_118' title='bbox 649 925 788 976; x_wconf 83' lang='grc' dir='ltr'><strong><em>τόποις</em></strong></span> <span class='ocrx_word' id='word_1_119' title='bbox 815 928 858 969; x_wconf 77' lang='grc' dir='ltr'><strong><em>ἕν</em></strong></span> <span class='ocrx_word' id='word_1_120' title='bbox 887 925 949 976; x_wconf 87' lang='grc' dir='ltr'><strong>οἷς</strong></span> <span class='ocrx_word' id='word_1_121' title='bbox 976 928 1276 982; x_wconf 76' lang='grc' dir='ltr'><strong><em>ἐπλημμέλησαν</em></strong></span> <span class='ocrx_word' id='word_1_122' title='bbox 1305 931 1478 981; x_wconf 73' lang='grc' dir='ltr'><strong>φουρκί-</strong></span> 
     </span>
     <span class='ocr_line' id='line_1_15' title="bbox 21 984 1479 1036; baseline 0 -12"><span class='ocrx_word' id='word_1_123' title='bbox 21 986 166 1034; x_wconf 76' lang='grc' dir='ltr'><strong>ζονται.</strong></span> <span class='ocrx_word' id='word_1_124' title='bbox 220 986 508 1036; x_wconf 85' lang='lat' dir='ltr'><strong>Harmenopuli</strong></span> <span class='ocrx_word' id='word_1_125' title='bbox 555 986 783 1034; x_wconf 78' lang='grc' dir='ltr'><strong>φουρκίζειν</strong></span> <span class='ocrx_word' id='word_1_126' title='bbox 830 992 870 1022; x_wconf 80' lang='lat' dir='ltr'><strong>et</strong></span> <span class='ocrx_word' id='word_1_127' title='bbox 915 984 1055 1023; x_wconf 79' lang='lat' dir='ltr'><strong>Cadini</strong></span> <span class='ocrx_word' id='word_1_128' title='bbox 1102 987 1326 1036; x_wconf 82' lang='grc' dir='ltr'><strong>φουλκίζειν</strong></span> <span class='ocrx_word' id='word_1_129' title='bbox 1368 987 1479 1024; x_wconf 88' lang='lat' dir='ltr'><strong>idem</strong></span> 
     </span>
     <span class='ocr_line' id='line_1_16' title="bbox 20 1040 1504 1107; baseline 0.002 -30"><span class='ocrx_word' id='word_1_130' title='bbox 20 1040 237 1107; x_wconf 76' lang='lat' dir='ltr'><strong>siguificat,</strong></span> <span class='ocrx_word' id='word_1_131' title='bbox 263 1054 408 1093; x_wconf 87' lang='lat' dir='ltr'><strong>nempe</strong></span> <span class='ocrx_word' id='word_1_132' title='bbox 426 1041 577 1092; x_wconf 74' lang='lat' dir='ltr'><strong>fiat-cae</strong></span> <span class='ocrx_word' id='word_1_133' title='bbox 602 1042 780 1092; x_wconf 80' lang='lat' dir='ltr'><strong>affigere,</strong></span> <span class='ocrx_word' id='word_1_134' title='bbox 809 1041 1149 1093; x_wconf 84' lang='lat' dir='ltr'><strong>quemadmodum</strong></span> <span class='ocrx_word' id='word_1_135' title='bbox 1177 1045 1298 1080; x_wconf 85' lang='lat' dir='ltr'><strong>etiam</strong></span> <span class='ocrx_word' id='word_1_136' title='bbox 1322 1040 1504 1093; x_wconf 75' lang='grc' dir='ltr'><strong>φούλκα·</strong></span> 
     </span>
     <span class='ocr_line' id='line_1_17' title="bbox 21 1070 1480 1150; baseline 0.001 -16"><span class='ocrx_word' id='word_1_137' title='bbox 21 1070 81 1134; x_wconf 56' lang='lat' dir='ltr'><strong>eto</strong></span> <span class='ocrx_word' id='word_1_138' title='bbox 97 1111 275 1148; x_wconf 77' lang='grc' dir='ltr'><strong>φουρκα,</strong></span> <span class='ocrx_word' id='word_1_139' title='bbox 318 1096 395 1135; x_wconf 89' lang='lat' dir='ltr'><strong>hoc</strong></span> <span class='ocrx_word' id='word_1_140' title='bbox 433 1104 492 1135; x_wconf 80' lang='lat' dir='ltr'><strong>est</strong></span> <span class='ocrx_word' id='word_1_141' title='bbox 516 1097 647 1147; x_wconf 80' lang='lat' dir='ltr'><strong>ficrca</strong></span> <span class='ocrx_word' id='word_1_142' title='bbox 677 1098 869 1148; x_wconf 72' lang='lat' dir='ltr'><strong>poenalis.</strong></span> <span class='ocrx_word' id='word_1_143' title='bbox 926 1100 983 1136; x_wconf 85' lang='lat' dir='ltr'><strong>sic</strong></span> <span class='ocrx_word' id='word_1_144' title='bbox 1015 1106 1177 1150; x_wconf 88' lang='lat' dir='ltr'><strong>propter</strong></span> <span class='ocrx_word' id='word_1_145' title='bbox 1203 1100 1480 1137; x_wconf 84' lang='lat' dir='ltr'><strong>confusionem</strong></span> 
     </span>
     <span class='ocr_line' id='line_1_18' title="bbox 20 1150 1479 1208; baseline 0.003 -18"><span class='ocrx_word' id='word_1_146' title='bbox 20 1154 243 1190; x_wconf 83' lang='lat' dir='ltr'><strong>litterarum</strong></span> <span class='ocrx_word' id='word_1_147' title='bbox 272 1155 294 1192; x_wconf 89' lang='grc' dir='ltr'><strong><em>λ</em></strong></span> <span class='ocrx_word' id='word_1_148' title='bbox 324 1160 363 1190; x_wconf 85' lang='lat' dir='ltr'><strong>et</strong></span> <span class='ocrx_word' id='word_1_149' title='bbox 391 1168 414 1205; x_wconf 82' lang='grc' dir='ltr'><strong>ρ</strong></span> <span class='ocrx_word' id='word_1_150' title='bbox 442 1152 585 1190; x_wconf 83' lang='lat' dir='ltr'><strong>dicitur</strong></span> <span class='ocrx_word' id='word_1_151' title='bbox 615 1150 743 1204; x_wconf 76' lang='grc' dir='ltr'><strong><em>βὰλκα</em></strong></span> <span class='ocrx_word' id='word_1_152' title='bbox 770 1168 842 1205; x_wconf 88' lang='lat' dir='ltr'><strong>pro</strong></span> <span class='ocrx_word' id='word_1_153' title='bbox 873 1150 1021 1206; x_wconf 77' lang='grc' dir='ltr'><strong>βᾶρκα,</strong></span> <span class='ocrx_word' id='word_1_154' title='bbox 1060 1158 1200 1205; x_wconf 83' lang='grc' dir='ltr'><strong>πλῶρα</strong></span> <span class='ocrx_word' id='word_1_155' title='bbox 1227 1169 1297 1206; x_wconf 85' lang='lat' dir='ltr'><strong>pro</strong></span> <span class='ocrx_word' id='word_1_156' title='bbox 1325 1159 1479 1208; x_wconf 76' lang='grc' dir='ltr'><strong>πρῶρα,</strong></span> 
     </span>
     <span class='ocr_line' id='line_1_19' title="bbox 20 1205 1480 1262; baseline 0 -13"><span class='ocrx_word' id='word_1_157' title='bbox 20 1205 293 1262; x_wconf 76' lang='grc' dir='ltr'><strong>καρδηνᾶριος</strong></span> <span class='ocrx_word' id='word_1_158' title='bbox 327 1223 399 1261; x_wconf 86' lang='lat' dir='ltr'><strong>pro</strong></span> <span class='ocrx_word' id='word_1_159' title='bbox 434 1207 717 1260; x_wconf 82' lang='grc' dir='ltr'><strong>καρδηνοὶλιος.</strong></span> <span class='ocrx_word' id='word_1_160' title='bbox 774 1223 904 1261; x_wconf 88' lang='lat' dir='ltr'><strong>neque</strong></span> <span class='ocrx_word' id='word_1_161' title='bbox 941 1212 1121 1248; x_wconf 88' lang='lat' dir='ltr'><strong>Graeco-</strong></span> <span class='ocrx_word' id='word_1_162' title='bbox 1132 1212 1288 1248; x_wconf 85' lang='lat' dir='ltr'><strong>barbari</strong></span> <span class='ocrx_word' id='word_1_163' title='bbox 1323 1219 1480 1249; x_wconf 84' lang='lat' dir='ltr'><strong>tantum</strong></span> 
     </span>
     <span class='ocr_line' id='line_1_20' title="bbox 20 1264 1482 1319; baseline 0.001 -16"><span class='ocrx_word' id='word_1_164' title='bbox 20 1264 142 1303; x_wconf 80' lang='lat' dir='ltr'><strong>hasce</strong></span> <span class='ocrx_word' id='word_1_165' title='bbox 176 1267 327 1303; x_wconf 83' lang='lat' dir='ltr'><strong>litteras</strong></span> <span class='ocrx_word' id='word_1_166' title='bbox 355 1265 597 1303; x_wconf 81' lang='lat' dir='ltr'><strong>confundere</strong></span> <span class='ocrx_word' id='word_1_167' title='bbox 626 1273 934 1317; x_wconf 80' lang='lat' dir='ltr'><strong>consueverunt,</strong></span> <span class='ocrx_word' id='word_1_168' title='bbox 976 1266 1048 1304; x_wconf 82' lang='lat' dir='ltr'><strong>sed</strong></span> <span class='ocrx_word' id='word_1_169' title='bbox 1074 1268 1151 1317; x_wconf 81' lang='lat' dir='ltr'><strong>ipsi</strong></span> <span class='ocrx_word' id='word_1_170' title='bbox 1179 1269 1299 1304; x_wconf 86' lang='lat' dir='ltr'><strong>etiam</strong></span> <span class='ocrx_word' id='word_1_171' title='bbox 1326 1269 1482 1319; x_wconf 86' lang='lat' dir='ltr'><strong>antiqui</strong></span> 
     </span>
     <span class='ocr_line' id='line_1_21' title="bbox 22 1318 1483 1376; baseline 0.001 -17"><span class='ocrx_word' id='word_1_172' title='bbox 22 1322 184 1371; x_wconf 84' lang='lat' dir='ltr'><strong>Graeci,</strong></span> <span class='ocrx_word' id='word_1_173' title='bbox 221 1330 267 1359; x_wconf 87' lang='lat' dir='ltr'><strong>ut</strong></span> <span class='ocrx_word' id='word_1_174' title='bbox 302 1329 467 1360; x_wconf 82' lang='lat' dir='ltr'><strong>testatur</strong></span> <span class='ocrx_word' id='word_1_175' title='bbox 502 1321 743 1360; x_wconf 80' lang='lat' dir='ltr'><strong>Scholiastes</strong></span> <span class='ocrx_word' id='word_1_176' title='bbox 778 1318 980 1373; x_wconf 62' lang='lat' dir='ltr'><strong>Apollonii</strong></span> <span class='ocrx_word' id='word_1_177' title='bbox 1008 1322 1175 1361; x_wconf 78' lang='lat' dir='ltr'><strong>Rhodii:</strong></span> <span class='ocrx_word' id='word_1_178' title='bbox 1217 1321 1379 1376; x_wconf 81' lang='grc' dir='ltr'><strong>διόπερ,</strong></span> <span class='ocrx_word' id='word_1_179' title='bbox 1415 1325 1483 1361; x_wconf 83' lang='grc' dir='ltr'><strong>ἰιι-</strong></span> 
     </span>
     <span class='ocr_line' id='line_1_22' title="bbox 22 1373 1483 1432; baseline 0.003 -17"><span class='ocrx_word' id='word_1_180' title='bbox 22 1379 129 1431; x_wconf 87' lang='lat' dir='ltr'><strong>quit,</strong></span> <span class='ocrx_word' id='word_1_181' title='bbox 173 1373 399 1430; x_wconf 68' lang='grc' dir='ltr'><strong><em>ὦνομᾶσθη</em></strong></span> <span class='ocrx_word' id='word_1_182' title='bbox 440 1377 600 1427; x_wconf 76' lang='grc' dir='ltr'><strong>Κλάρος</strong></span> <span class='ocrx_word' id='word_1_183' title='bbox 635 1374 715 1418; x_wconf 78' lang='grc' dir='ltr'><strong>ἆπό</strong></span> <span class='ocrx_word' id='word_1_184' title='bbox 752 1381 833 1418; x_wconf 75' lang='grc' dir='ltr'><strong>τῶν</strong></span> <span class='ocrx_word' id='word_1_185' title='bbox 869 1375 1079 1431; x_wconf 79' lang='grc' dir='ltr'><strong><em>δακρύων·</em></strong></span> <span class='ocrx_word' id='word_1_186' title='bbox 1124 1378 1304 1432; x_wconf 77' lang='grc' dir='ltr'><strong><em>συγγενὲς</em></strong></span> <span class='ocrx_word' id='word_1_187' title='bbox 1331 1395 1408 1432; x_wconf 80' lang='grc' dir='ltr'><strong>γαρ</strong></span> <span class='ocrx_word' id='word_1_188' title='bbox 1436 1377 1483 1421; x_wconf 68' lang='lat' dir='ltr'><strong>w*</strong></span> 
     </span>
     <span class='ocr_line' id='line_1_23' title="bbox 23 1431 1482 1489; baseline 0.001 -16"><span class='ocrx_word' id='word_1_189' title='bbox 23 1437 46 1474; x_wconf 81' lang='grc' dir='ltr'><strong><em>λ</em></strong></span> <span class='ocrx_word' id='word_1_190' title='bbox 86 1437 144 1489; x_wconf 76' lang='grc' dir='ltr'><strong>τῷ</strong></span> <span class='ocrx_word' id='word_1_191' title='bbox 185 1450 229 1485; x_wconf 91' lang='grc' dir='ltr'><strong>ρ,</strong></span> <span class='ocrx_word' id='word_1_192' title='bbox 271 1450 326 1482; x_wconf 83' lang='grc' dir='ltr'><strong>ως</strong></span> <span class='ocrx_word' id='word_1_193' title='bbox 362 1433 531 1485; x_wconf 66' lang='grc' dir='ltr'><strong>ὑδρηλοὶ</strong></span> <span class='ocrx_word' id='word_1_194' title='bbox 569 1431 659 1474; x_wconf 83' lang='grc' dir='ltr'><strong><em>αντὶ</em></strong></span> <span class='ocrx_word' id='word_1_195' title='bbox 695 1437 771 1474; x_wconf 78' lang='grc' dir='ltr'><strong>τοῦ</strong></span> <span class='ocrx_word' id='word_1_196' title='bbox 806 1434 988 1487; x_wconf 78' lang='grc' dir='ltr'><strong>ὖδρηροί.</strong></span> <span class='ocrx_word' id='word_1_197' title='bbox 1046 1443 1150 1473; x_wconf 89' lang='lat' dir='ltr'><strong>errat</strong></span> <span class='ocrx_word' id='word_1_198' title='bbox 1187 1437 1307 1486; x_wconf 85' lang='lat' dir='ltr'><strong>igitur</strong></span> <span class='ocrx_word' id='word_1_199' title='bbox 1345 1443 1482 1475; x_wconf 82' lang='lat' dir='ltr'><strong>auctor</strong></span> 
     </span>
     <span class='ocr_line' id='line_1_24' title="bbox 19 1488 1483 1543; baseline 0.001 -15"><span class='ocrx_word' id='word_1_200' title='bbox 19 1491 214 1528; x_wconf 79' lang='lat' dir='ltr'><strong>Glossarii</strong></span> <span class='ocrx_word' id='word_1_201' title='bbox 250 1491 435 1529; x_wconf 78' lang='lat' dir='ltr'><strong>Graeco·</strong></span> <span class='ocrx_word' id='word_1_202' title='bbox 445 1492 620 1539; x_wconf 82' lang='lat' dir='ltr'><strong>barbari,</strong></span> <span class='ocrx_word' id='word_1_203' title='bbox 662 1492 733 1543; x_wconf 87' lang='lat' dir='ltr'><strong>qui</strong></span> <span class='ocrx_word' id='word_1_204' title='bbox 767 1488 950 1540; x_wconf 69' lang='grc' dir='ltr'><strong>φούλκαν</strong></span> <span class='ocrx_word' id='word_1_205' title='bbox 984 1493 1151 1543; x_wconf 85' lang='lat' dir='ltr'><strong>exponit</strong></span> <span class='ocrx_word' id='word_1_206' title='bbox 1185 1492 1399 1543; x_wconf 77' lang='lat' dir='ltr'><strong>laqueum,</strong></span> <span class='ocrx_word' id='word_1_207' title='bbox 1442 1499 1483 1530; x_wconf 85' lang='lat' dir='ltr'><strong>et</strong></span> 
     </span>
     <span class='ocr_line' id='line_1_25' title="bbox 20 1546 1483 1600; baseline -0.001 -13"><span class='ocrx_word' id='word_1_208' title='bbox 20 1547 251 1597; x_wconf 80' lang='grc' dir='ltr'><strong>φουλκίζειν</strong></span> <span class='ocrx_word' id='word_1_209' title='bbox 280 1546 458 1586; x_wconf 75' lang='lat' dir='ltr'><strong>diversae</strong></span> <span class='ocrx_word' id='word_1_210' title='bbox 486 1549 543 1584; x_wconf 86' lang='lat' dir='ltr'><strong>ait</strong></span> <span class='ocrx_word' id='word_1_211' title='bbox 569 1560 655 1585; x_wconf 76' lang='lat' dir='ltr'><strong>esse</strong></span> <span class='ocrx_word' id='word_1_212' title='bbox 679 1547 977 1597; x_wconf 73' lang='lat' dir='ltr'><strong>significationis</strong></span> <span class='ocrx_word' id='word_1_213' title='bbox 997 1560 1021 1584; x_wconf 87' lang='lat' dir='ltr'><strong>a</strong></span> <span class='ocrx_word' id='word_1_214' title='bbox 1041 1549 1284 1600; x_wconf 77' lang='grc' dir='ltr'><strong>φουρκίζειν.</strong></span> <span class='ocrx_word' id='word_1_215' title='bbox 1324 1555 1483 1586; x_wconf 89' lang='lat' dir='ltr'><strong>utrum-</strong></span> 
     </span>
     <span class='ocr_line' id='line_1_26' title="bbox 22 1602 1518 1656; baseline 0.001 -16"><span class='ocrx_word' id='word_1_216' title='bbox 22 1616 102 1656; x_wconf 89' lang='lat' dir='ltr'><strong>que</strong></span> <span class='ocrx_word' id='word_1_217' title='bbox 124 1604 232 1640; x_wconf 84' lang='lat' dir='ltr'><strong>enim</strong></span> <span class='ocrx_word' id='word_1_218' title='bbox 252 1602 361 1641; x_wconf 89' lang='lat' dir='ltr'><strong>idem</strong></span> <span class='ocrx_word' id='word_1_219' title='bbox 382 1605 600 1654; x_wconf 85' lang='lat' dir='ltr'><strong>significat,</strong></span> <span class='ocrx_word' id='word_1_220' title='bbox 630 1604 781 1641; x_wconf 77' lang='lat' dir='ltr'><strong>scilicet</strong></span> <span class='ocrx_word' id='word_1_221' title='bbox 806 1604 1079 1652; x_wconf 72' lang='lat' dir='ltr'><strong>suspendendo</strong></span> <span class='ocrx_word' id='word_1_222' title='bbox 1102 1606 1146 1640; x_wconf 86' lang='lat' dir='ltr'><strong>in</strong></span> <span class='ocrx_word' id='word_1_223' title='bbox 1162 1605 1327 1655; x_wconf 79' lang='lat' dir='ltr'><strong>furcam</strong></span> <span class='ocrx_word' id='word_1_224' title='bbox 1348 1612 1483 1642; x_wconf 72' lang='lat' dir='ltr'><strong>stran-</strong></span> <span class='ocrx_word' id='word_1_225' title='bbox 1513 1607 1518 1610; x_wconf 80' lang='grc'><em>“</em></span> 
     </span>
     <span class='ocr_line' id='line_1_27' title="bbox 20 1656 1484 1711; baseline 0.001 -15"><span class='ocrx_word' id='word_1_226' title='bbox 20 1659 187 1711; x_wconf 74' lang='lat' dir='ltr'><strong>gulare5</strong></span> <span class='ocrx_word' id='word_1_227' title='bbox 228 1659 336 1710; x_wconf 88' lang='lat' dir='ltr'><strong>quod</strong></span> <span class='ocrx_word' id='word_1_228' title='bbox 374 1661 566 1710; x_wconf 80' lang='lat' dir='ltr'><strong>Ulpianus</strong></span> <span class='ocrx_word' id='word_1_229' title='bbox 604 1661 633 1696; x_wconf 93' lang='lat' dir='ltr'><strong>l.</strong></span> <span class='ocrx_word' id='word_1_230' title='bbox 674 1659 881 1708; x_wconf 85' lang='lat' dir='ltr'><strong>Sacrilegii</strong></span> <span class='ocrx_word' id='word_1_231' title='bbox 919 1656 942 1709; x_wconf 64' lang='grc' dir='ltr'>ξ</span> <span class='ocrx_word' id='word_1_232' title='bbox 981 1660 1004 1698; x_wconf 87' lang='grc'>1</span> <span class='ocrx_word' id='word_1_233' title='bbox 1046 1660 1094 1696; x_wconf 88' lang='lat' dir='ltr'><strong>D.</strong></span> <span class='ocrx_word' id='word_1_234' title='bbox 1135 1659 1186 1696; x_wconf 90' lang='lat' dir='ltr'><strong>ad</strong></span> <span class='ocrx_word' id='word_1_235' title='bbox 1223 1661 1301 1710; x_wconf 84' lang='lat' dir='ltr'><strong>leg.</strong></span> <span class='ocrx_word' id='word_1_236' title='bbox 1338 1662 1484 1698; x_wconf 81' lang='lat' dir='ltr'><strong>Iuliam</strong></span> 
     </span>
     <span class='ocr_line' id='line_1_28' title="bbox 20 1715 1483 1768; baseline 0.001 -16"><span class='ocrx_word' id='word_1_237' title='bbox 20 1716 154 1767; x_wconf 85' lang='lat' dir='ltr'><strong>pecul.</strong></span> <span class='ocrx_word' id='word_1_238' title='bbox 187 1722 302 1752; x_wconf 83' lang='lat' dir='ltr'><strong>vocat</strong></span> <span class='ocrx_word' id='word_1_239' title='bbox 335 1716 379 1750; x_wconf 83' lang='lat' dir='ltr'><strong>in</strong></span> <span class='ocrx_word' id='word_1_240' title='bbox 407 1716 552 1765; x_wconf 69' lang='lat' dir='ltr'><strong>furcas</strong></span> <span class='ocrx_word' id='word_1_241' title='bbox 586 1715 836 1762; x_wconf 72' lang='lat' dir='ltr'><strong>su-‚s-pendere</strong></span> <span class='ocrx_word' id='word_1_242' title='bbox 879 1721 919 1750; x_wconf 84' lang='lat' dir='ltr'><strong>et</strong></span> <span class='ocrx_word' id='word_1_243' title='bbox 953 1726 1176 1764; x_wconf 83' lang='lat' dir='ltr'><strong>anonymus</strong></span> <span class='ocrx_word' id='word_1_244' title='bbox 1213 1722 1348 1753; x_wconf 85' lang='lat' dir='ltr'><strong>auctor</strong></span> <span class='ocrx_word' id='word_1_245' title='bbox 1377 1717 1483 1768; x_wconf 83' lang='lat' dir='ltr'><strong>apud</strong></span> 
     </span>
     <span class='ocr_line' id='line_1_29' title="bbox 23 1766 1483 1823; baseline 0.002 -14"><span class='ocrx_word' id='word_1_246' title='bbox 23 1769 192 1809; x_wconf 82' lang='lat' dir='ltr'><strong>suidam</strong></span> <span class='ocrx_word' id='word_1_247' title='bbox 229 1772 379 1822; x_wconf 76' lang='grc' dir='ltr'><strong>κρεμᾶν</strong></span> <span class='ocrx_word' id='word_1_248' title='bbox 415 1770 473 1817; x_wconf 82' lang='grc' dir='ltr'><strong>εἰς</strong></span> <span class='ocrx_word' id='word_1_249' title='bbox 509 1766 718 1820; x_wconf 79' lang='grc' dir='ltr'><strong>φούρκαν,</strong></span> <span class='ocrx_word' id='word_1_250' title='bbox 762 1777 800 1806; x_wconf 89' lang='lat' dir='ltr'><strong>et</strong></span> <span class='ocrx_word' id='word_1_251' title='bbox 828 1770 1000 1820; x_wconf 83' lang='lat' dir='ltr'><strong>Cyrillus</strong></span> <span class='ocrx_word' id='word_1_252' title='bbox 1028 1772 1070 1806; x_wconf 87' lang='lat' dir='ltr'><strong>iu</strong></span> <span class='ocrx_word' id='word_1_253' title='bbox 1099 1772 1250 1808; x_wconf 71' lang='lat' dir='ltr'><strong>Lexico</strong></span> <span class='ocrx_word' id='word_1_254' title='bbox 1278 1769 1344 1812; x_wconf 70' lang='grc' dir='ltr'><strong>διά</strong></span> <span class='ocrx_word' id='word_1_255' title='bbox 1374 1785 1483 1823; x_wconf 75' lang='grc' dir='ltr'><strong>σχοι-</strong></span> 
     </span>
     <span class='ocr_line' id='line_1_30' title="bbox 23 1825 1483 1877; baseline -0.001 -10"><span class='ocrx_word' id='word_1_256' title='bbox 23 1828 117 1867; x_wconf 83' lang='grc' dir='ltr'><strong>νίου</strong></span> <span class='ocrx_word' id='word_1_257' title='bbox 150 1827 390 1876; x_wconf 81' lang='grc' dir='ltr'><strong>φουλκίζειν.</strong></span> <span class='ocrx_word' id='word_1_258' title='bbox 447 1825 555 1862; x_wconf 85' lang='lat' dir='ltr'><strong>idem</strong></span> <span class='ocrx_word' id='word_1_259' title='bbox 584 1838 742 1877; x_wconf 91' lang='lat' dir='ltr'><strong>quoque</strong></span> <span class='ocrx_word' id='word_1_260' title='bbox 773 1839 814 1862; x_wconf 89' lang='lat' dir='ltr'><strong>re</strong></span> <span class='ocrx_word' id='word_1_261' title='bbox 842 1838 935 1863; x_wconf 80' lang='lat' dir='ltr'><strong>vera</strong></span> <span class='ocrx_word' id='word_1_262' title='bbox 963 1826 1158 1876; x_wconf 78' lang='lat' dir='ltr'><strong>significat</strong></span> <span class='ocrx_word' id='word_1_263' title='bbox 1187 1829 1411 1877; x_wconf 79' lang='grc' dir='ltr'><strong>φουλκίζειν</strong></span> <span class='ocrx_word' id='word_1_264' title='bbox 1438 1831 1483 1866; x_wconf 87' lang='lat' dir='ltr'><strong>in</strong></span> 
     </span>
     <span class='ocr_line' id='line_1_31' title="bbox 22 1881 1483 1935; baseline 0.002 -15"><span class='ocrx_word' id='word_1_265' title='bbox 22 1884 105 1921; x_wconf 80' lang='lat' dir='ltr'><strong>iuis</strong></span> <span class='ocrx_word' id='word_1_266' title='bbox 147 1881 317 1920; x_wconf 84' lang='lat' dir='ltr'><strong>Cedreni</strong></span> <span class='ocrx_word' id='word_1_267' title='bbox 355 1888 395 1918; x_wconf 90' lang='lat' dir='ltr'><strong>et</strong></span> <span class='ocrx_word' id='word_1_268' title='bbox 429 1883 677 1920; x_wconf 82' lang='lat' dir='ltr'><strong>Balsamonis</strong></span> <span class='ocrx_word' id='word_1_269' title='bbox 718 1882 870 1929; x_wconf 78' lang='lat' dir='ltr'><strong>verbis,</strong></span> <span class='ocrx_word' id='word_1_270' title='bbox 913 1895 1013 1933; x_wconf 87' lang='lat' dir='ltr'><strong>quae</strong></span> <span class='ocrx_word' id='word_1_271' title='bbox 1057 1884 1228 1921; x_wconf 82' lang='lat' dir='ltr'><strong>citantur</strong></span> <span class='ocrx_word' id='word_1_272' title='bbox 1266 1897 1288 1921; x_wconf 84' lang='lat' dir='ltr'><strong>a</strong></span> <span class='ocrx_word' id='word_1_273' title='bbox 1327 1885 1483 1935; x_wconf 81' lang='lat' dir='ltr'><strong>glosso-</strong></span> 
     </span>
     <span class='ocr_line' id='line_1_32' title="bbox 25 1937 1482 2009; baseline 0.003 -32"><span class='ocrx_word' id='word_1_274' title='bbox 25 1937 191 1990; x_wconf 82' lang='lat' dir='ltr'><strong>grapho</strong></span> <span class='ocrx_word' id='word_1_275' title='bbox 247 1937 355 2009; x_wconf 81' lang='lat' dir='ltr'><strong>quod</strong></span> <span class='ocrx_word' id='word_1_276' title='bbox 390 1951 508 1989; x_wconf 90' lang='lat' dir='ltr'><strong>porro</strong></span> <span class='ocrx_word' id='word_1_277' title='bbox 545 1940 687 1976; x_wconf 83' lang='lat' dir='ltr'><strong>attinet</strong></span> <span class='ocrx_word' id='word_1_278' title='bbox 720 1937 772 1974; x_wconf 85' lang='lat' dir='ltr'><strong>ad</strong></span> <span class='ocrx_word' id='word_1_279' title='bbox 806 1939 975 1975; x_wconf 88' lang='lat' dir='ltr'><strong>alterum</strong></span> <span class='ocrx_word' id='word_1_280' title='bbox 1003 1939 1142 1990; x_wconf 80' lang='lat' dir='ltr'><strong>eyrilli</strong></span> <span class='ocrx_word' id='word_1_281' title='bbox 1169 1941 1302 1978; x_wconf 86' lang='lat' dir='ltr'><strong>locum</strong></span> <span class='ocrx_word' id='word_1_282' title='bbox 1331 1938 1482 1993; x_wconf 68' lang='grc' dir='ltr'><strong><em>ἀγχόνη</em></strong></span> 
     </span>
     <span class='ocr_line' id='line_1_33' title="bbox 23 1992 1481 2048; baseline 0.001 -13"><span class='ocrx_word' id='word_1_283' title='bbox 23 1993 169 2048; x_wconf 80' lang='grc' dir='ltr'><em>βρόχος</em></span> <span class='ocrx_word' id='word_1_284' title='bbox 201 1995 270 2034; x_wconf 81' lang='grc' dir='ltr'><strong>καὶ</strong></span> <span class='ocrx_word' id='word_1_285' title='bbox 308 2010 505 2047; x_wconf 83' lang='grc' dir='ltr'><strong>πνιγμονη</strong></span> <span class='ocrx_word' id='word_1_286' title='bbox 542 1994 572 2045; x_wconf 79' lang='grc' dir='ltr'><em>ἦ</em></span> <span class='ocrx_word' id='word_1_287' title='bbox 607 1992 673 2034; x_wconf 69' lang='grc' dir='ltr'><strong>διά</strong></span> <span class='ocrx_word' id='word_1_288' title='bbox 710 1995 905 2045; x_wconf 85' lang='grc' dir='ltr'><strong>σχοινίου,</strong></span> <span class='ocrx_word' id='word_1_289' title='bbox 949 2010 1002 2041; x_wconf 87' lang='grc' dir='ltr'><strong>ως</strong></span> <span class='ocrx_word' id='word_1_290' title='bbox 1033 1999 1209 2046; x_wconf 82' lang='grc' dir='ltr'><strong><em>φοῦλκα,</em></strong></span> <span class='ocrx_word' id='word_1_291' title='bbox 1252 2010 1370 2035; x_wconf 85' lang='lat' dir='ltr'><strong>nemo</strong></span> <span class='ocrx_word' id='word_1_292' title='bbox 1399 2011 1481 2036; x_wconf 86' lang='lat' dir='ltr'><strong>non</strong></span> 
     </span>
     <span class='ocr_line' id='line_1_34' title="bbox 23 2046 1484 2107; baseline 0.001 -17"><span class='ocrx_word' id='word_1_293' title='bbox 23 2051 135 2090; x_wconf 76' lang='lat' dir='ltr'><strong>videt</strong></span> <span class='ocrx_word' id='word_1_294' title='bbox 175 2051 369 2102; x_wconf 82' lang='lat' dir='ltr'><strong>Cyrillum</strong></span> <span class='ocrx_word' id='word_1_295' title='bbox 410 2065 489 2089; x_wconf 88' lang='lat' dir='ltr'><strong>non</strong></span> <span class='ocrx_word' id='word_1_296' title='bbox 527 2052 656 2088; x_wconf 85' lang='lat' dir='ltr'><strong>dicere</strong></span> <span class='ocrx_word' id='word_1_297' title='bbox 694 2046 876 2100; x_wconf 78' lang='grc' dir='ltr'><strong>φούλκαν</strong></span> <span class='ocrx_word' id='word_1_298' title='bbox 908 2050 1016 2088; x_wconf 85' lang='lat' dir='ltr'><strong>idem</strong></span> <span class='ocrx_word' id='word_1_299' title='bbox 1045 2065 1130 2090; x_wconf 77' lang='lat' dir='ltr'><strong>esse</strong></span> <span class='ocrx_word' id='word_1_300' title='bbox 1160 2061 1277 2103; x_wconf 84' lang='lat' dir='ltr'><strong>atque</strong></span> <span class='ocrx_word' id='word_1_301' title='bbox 1306 2050 1484 2107; x_wconf 67' lang='grc' dir='ltr'><strong><em>ἀγχόνην</em></strong></span> 
     </span>
     <span class='ocr_line' id='line_1_35' title="bbox 24 2103 1484 2160; baseline 0.001 -14"><span class='ocrx_word' id='word_1_302' title='bbox 24 2109 109 2146; x_wconf 77' lang='lat' dir='ltr'><strong>sive</strong></span> <span class='ocrx_word' id='word_1_303' title='bbox 149 2107 358 2160; x_wconf 84' lang='lat' dir='ltr'><strong>laqueum,</strong></span> <span class='ocrx_word' id='word_1_304' title='bbox 399 2108 470 2146; x_wconf 90' lang='lat' dir='ltr'><strong>sed</strong></span> <span class='ocrx_word' id='word_1_305' title='bbox 509 2109 682 2146; x_wconf 76' lang='lat' dir='ltr'><strong>voluisse</strong></span> <span class='ocrx_word' id='word_1_306' title='bbox 722 2106 850 2144; x_wconf 86' lang='lat' dir='ltr'><strong>dicere</strong></span> <span class='ocrx_word' id='word_1_307' title='bbox 886 2103 1060 2160; x_wconf 67' lang='grc' dir='ltr'><strong><em>ἀγχόνην</em></strong></span> <span class='ocrx_word' id='word_1_308' title='bbox 1098 2110 1317 2159; x_wconf 83' lang='lat' dir='ltr'><strong>significare</strong></span> <span class='ocrx_word' id='word_1_309' title='bbox 1354 2116 1392 2146; x_wconf 86' lang='lat' dir='ltr'><strong>et</strong></span> <span class='ocrx_word' id='word_1_310' title='bbox 1420 2110 1484 2147; x_wconf 84' lang='lat' dir='ltr'><strong>la·-</strong></span> 
     </span>
     <span class='ocr_line' id='line_1_36' title="bbox 25 2164 1484 2216; baseline 0.001 -15"><span class='ocrx_word' id='word_1_311' title='bbox 25 2177 175 2216; x_wconf 86' lang='lat' dir='ltr'><strong>queum</strong></span> <span class='ocrx_word' id='word_1_312' title='bbox 201 2172 241 2202; x_wconf 88' lang='lat' dir='ltr'><strong>et</strong></span> <span class='ocrx_word' id='word_1_313' title='bbox 269 2165 396 2215; x_wconf 86' lang='lat' dir='ltr'><strong>ipsam</strong></span> <span class='ocrx_word' id='word_1_314' title='bbox 423 2164 744 2210; x_wconf 81' lang='lat' dir='ltr'><strong>suffocationem,</strong></span> <span class='ocrx_word' id='word_1_315' title='bbox 781 2176 882 2215; x_wconf 85' lang='lat' dir='ltr'><strong>quae</strong></span> <span class='ocrx_word' id='word_1_316' title='bbox 905 2164 949 2201; x_wconf 88' lang='lat' dir='ltr'><strong>fit</strong></span> <span class='ocrx_word' id='word_1_317' title='bbox 970 2165 1137 2216; x_wconf 89' lang='lat' dir='ltr'><strong>laqueo,</strong></span> <span class='ocrx_word' id='word_1_318' title='bbox 1168 2165 1390 2203; x_wconf 81' lang='lat' dir='ltr'><strong>cuiusmodi</strong></span> <span class='ocrx_word' id='word_1_319' title='bbox 1413 2166 1484 2203; x_wconf 86' lang='lat' dir='ltr'><strong>illa</strong></span> 
     </span>
     <span class='ocr_line' id='line_1_37' title="bbox 26 2220 1537 2272; baseline 0.001 -14"><span class='ocrx_word' id='word_1_320' title='bbox 26 2227 88 2258; x_wconf 78' lang='lat' dir='ltr'><strong>est</strong></span> <span class='ocrx_word' id='word_1_321' title='bbox 130 2233 209 2272; x_wconf 88' lang='lat' dir='ltr'><strong>qua</strong></span> <span class='ocrx_word' id='word_1_322' title='bbox 252 2228 444 2258; x_wconf 85' lang='lat' dir='ltr'><strong>necantur</strong></span> <span class='ocrx_word' id='word_1_323' title='bbox 481 2223 522 2258; x_wconf 86' lang='lat' dir='ltr'><strong>in</strong></span> <span class='ocrx_word' id='word_1_324' title='bbox 564 2221 693 2257; x_wconf 86' lang='lat' dir='ltr'><strong>furcas</strong></span> <span class='ocrx_word' id='word_1_325' title='bbox 730 2220 816 2257; x_wconf 84' lang='lat' dir='ltr'><strong>fixi.</strong></span> <span class='ocrx_word' id='word_1_326' title='bbox 872 2232 992 2271; x_wconf 85' lang='lat' dir='ltr'><strong>quare</strong></span> <span class='ocrx_word' id='word_1_327' title='bbox 1020 2235 1090 2272; x_wconf 88' lang='lat' dir='ltr'><strong>pro</strong></span> <span class='ocrx_word' id='word_1_328' title='bbox 1120 2237 1175 2267; x_wconf 86' lang='grc' dir='ltr'><strong>ως</strong></span> <span class='ocrx_word' id='word_1_329' title='bbox 1200 2224 1357 2271; x_wconf 78' lang='grc' dir='ltr'><strong>φοῦλκα</strong></span> <span class='ocrx_word' id='word_1_330' title='bbox 1384 2223 1484 2260; x_wconf 80' lang='lat' dir='ltr'><strong>scri.</strong></span> <span class='ocrx_word' id='word_1_331' title='bbox 1535 2254 1537 2256; x_wconf 8' lang='lat' dir='ltr'><strong>a</strong></span> 
     </span>
     <span class='ocr_line' id='line_1_38' title="bbox 25 2274 1425 2331; baseline 0.001 -17"><span class='ocrx_word' id='word_1_332' title='bbox 25 2275 203 2314; x_wconf 82' lang='lat' dir='ltr'><strong>bendum</strong></span> <span class='ocrx_word' id='word_1_333' title='bbox 229 2278 314 2314; x_wconf 84' lang='lat' dir='ltr'><strong>illic</strong></span> <span class='ocrx_word' id='word_1_334' title='bbox 344 2285 402 2314; x_wconf 88' lang='lat' dir='ltr'><strong>est</strong></span> <span class='ocrx_word' id='word_1_335' title='bbox 431 2278 494 2314; x_wconf 77' lang='lat' dir='ltr'><strong>vel</strong></span> <span class='ocrx_word' id='word_1_336' title='bbox 526 2277 583 2324; x_wconf 81' lang='grc' dir='ltr'><strong>εἷς</strong></span> <span class='ocrx_word' id='word_1_337' title='bbox 612 2274 795 2327; x_wconf 80' lang='grc' dir='ltr'><strong>φούλκαν</strong></span> <span class='ocrx_word' id='word_1_338' title='bbox 823 2277 889 2314; x_wconf 76' lang='lat' dir='ltr'><strong>vel</strong></span> <span class='ocrx_word' id='word_1_339' title='bbox 919 2292 973 2324; x_wconf 85' lang='grc' dir='ltr'><strong>ως</strong></span> <span class='ocrx_word' id='word_1_340' title='bbox 998 2277 1041 2316; x_wconf 80' lang='grc' dir='ltr'><strong><em>ἐν</em></strong></span> <span class='ocrx_word' id='word_1_341' title='bbox 1066 2274 1234 2331; x_wconf 76' lang='grc' dir='ltr'><strong>φούλκᾳ.</strong></span> <span class='ocrx_word' id='word_1_342' title='bbox 1291 2280 1425 2318; x_wconf 66' lang='grc' dir='ltr'><strong>ΙιΑιιΒ.</strong></span> 
     </span>
    </p>

    <p class='ocr_par' dir='ltr' id='par_1_4' title="bbox 26 2329 1487 2708">
     <span class='ocr_line' id='line_1_39' title="bbox 138 2329 1482 2386; baseline 0.002 -15"><span class='ocrx_word' id='word_1_343' title='bbox 138 2346 179 2383; x_wconf 90' lang='grc' dir='ltr'>Ρ</span> <span class='ocrx_word' id='word_1_344' title='bbox 210 2332 263 2372; x_wconf 82' lang='grc'><strong>85</strong></span> <span class='ocrx_word' id='word_1_345' title='bbox 293 2346 330 2371; x_wconf 74' lang='lat' dir='ltr'><strong>v-</strong></span> <span class='ocrx_word' id='word_1_346' title='bbox 357 2332 396 2376; x_wconf 80' lang='lat'><strong>4.</strong></span> <span class='ocrx_word' id='word_1_347' title='bbox 457 2334 512 2380; x_wconf 80' lang='grc' dir='ltr'><strong>εἷς</strong></span> <span class='ocrx_word' id='word_1_348' title='bbox 542 2332 585 2372; x_wconf 82' lang='grc' dir='ltr'><strong>δὲ</strong></span> <span class='ocrx_word' id='word_1_349' title='bbox 612 2348 682 2372; x_wconf 86' lang='grc' dir='ltr'><strong>τον</strong></span> <span class='ocrx_word' id='word_1_350' title='bbox 710 2329 836 2373; x_wconf 80' lang='grc' dir='ltr'><strong>τόπον</strong></span> <span class='ocrx_word' id='word_1_351' title='bbox 863 2334 933 2383; x_wconf 82' lang='grc' dir='ltr'><strong>τῆς</strong></span> <span class='ocrx_word' id='word_1_352' title='bbox 961 2331 1074 2386; x_wconf 79' lang='grc' dir='ltr'><strong><em>ἇγίας</em></strong></span> <span class='ocrx_word' id='word_1_353' title='bbox 1105 2333 1276 2384; x_wconf 81' lang='grc' dir='ltr'><strong><em>Θέκλης]</em></strong></span> <span class='ocrx_word' id='word_1_354' title='bbox 1317 2335 1358 2371; x_wconf 88' lang='lat' dir='ltr'><strong>in</strong></span> <span class='ocrx_word' id='word_1_355' title='bbox 1395 2333 1482 2374; x_wconf 86' lang='lat' dir='ltr'><strong>cod.</strong></span> 
     </span>
     <span class='ocr_line' id='line_1_40' title="bbox 26 2387 1484 2441; baseline 0.002 -15"><span class='ocrx_word' id='word_1_356' title='bbox 26 2389 152 2438; x_wconf 85' lang='lat' dir='ltr'><strong>Regio</strong></span> <span class='ocrx_word' id='word_1_357' title='bbox 186 2387 284 2426; x_wconf 83' lang='lat' dir='ltr'><strong>haec</strong></span> <span class='ocrx_word' id='word_1_358' title='bbox 313 2391 432 2440; x_wconf 88' lang='lat' dir='ltr'><strong>paulo</strong></span> <span class='ocrx_word' id='word_1_359' title='bbox 463 2389 616 2427; x_wconf 83' lang='lat' dir='ltr'><strong>diverse</strong></span> <span class='ocrx_word' id='word_1_360' title='bbox 648 2395 836 2440; x_wconf 82' lang='lat' dir='ltr'><strong>concepta</strong></span> <span class='ocrx_word' id='word_1_361' title='bbox 866 2396 978 2438; x_wconf 65' lang='lat' dir='ltr'><strong>tunt,</strong></span> <span class='ocrx_word' id='word_1_362' title='bbox 1018 2391 1131 2441; x_wconf 84' lang='lat' dir='ltr'><strong>quasi</strong></span> <span class='ocrx_word' id='word_1_363' title='bbox 1158 2390 1484 2441; x_wconf 65' lang='lat' dir='ltr'><strong>praecedentibus</strong></span> 
     </span>
     <span class='ocr_line' id='line_1_41' title="bbox 27 2444 1485 2499; baseline 0.003 -17"><span class='ocrx_word' id='word_1_364' title='bbox 27 2457 185 2483; x_wconf 83' lang='lat' dir='ltr'><strong>annexa</strong></span> <span class='ocrx_word' id='word_1_365' title='bbox 228 2453 380 2483; x_wconf 80' lang='lat' dir='ltr'><strong>essent.</strong></span> <span class='ocrx_word' id='word_1_366' title='bbox 421 2444 576 2499; x_wconf 80' lang='grc' dir='ltr'><strong>λέγουσι</strong></span> <span class='ocrx_word' id='word_1_367' title='bbox 613 2445 680 2484; x_wconf 84' lang='grc' dir='ltr'><strong>καὶ</strong></span> <span class='ocrx_word' id='word_1_368' title='bbox 717 2461 808 2496; x_wconf 82' lang='grc' dir='ltr'><strong>περι</strong></span> <span class='ocrx_word' id='word_1_369' title='bbox 845 2447 917 2496; x_wconf 82' lang='grc' dir='ltr'><strong>τῆς</strong></span> <span class='ocrx_word' id='word_1_370' title='bbox 954 2444 1068 2498; x_wconf 46' lang='grc' dir='ltr'><em>ἁγίας</em></span> <span class='ocrx_word' id='word_1_371' title='bbox 1109 2446 1256 2497; x_wconf 79' lang='grc' dir='ltr'><strong><em>Θέκλης</em></strong></span> <span class='ocrx_word' id='word_1_372' title='bbox 1237 2475 1276 2494; x_wconf 88' lang='grc'><strong>,</strong></span> <span class='ocrx_word' id='word_1_373' title='bbox 1321 2462 1382 2487; x_wconf 78' lang='grc' dir='ltr'><strong>οτι</strong></span> <span class='ocrx_word' id='word_1_374' title='bbox 1418 2461 1485 2487; x_wconf 84' lang='grc' dir='ltr'><strong>οτε</strong></span> 
     </span>
     <span class='ocr_line' id='line_1_42' title="bbox 26 2495 1485 2570; baseline 0.002 -30"><span class='ocrx_word' id='word_1_375' title='bbox 26 2495 155 2552; x_wconf 76' lang='grc' dir='ltr'><strong><em>ἦλθεν</em></strong></span> <span class='ocrx_word' id='word_1_376' title='bbox 183 2499 208 2542; x_wconf 82' lang='lat' dir='ltr'><strong>o‘</strong></span> <span class='ocrx_word' id='word_1_377' title='bbox 236 2499 422 2553; x_wconf 77' lang='grc' dir='ltr'><strong>βασιλεῦς</strong></span> <span class='ocrx_word' id='word_1_378' title='bbox 448 2506 527 2542; x_wconf 80' lang='grc' dir='ltr'><strong>τῶν</strong></span> <span class='ocrx_word' id='word_1_379' title='bbox 562 2504 729 2570; x_wconf 79' lang='grc' dir='ltr'><strong><em>Θρᾳκῶν</em></strong></span> <span class='ocrx_word' id='word_1_380' title='bbox 757 2501 898 2552; x_wconf 76' lang='grc' dir='ltr'><strong><em>Αἵμων</em></strong></span> <span class='ocrx_word' id='word_1_381' title='bbox 919 2502 975 2548; x_wconf 78' lang='grc' dir='ltr'><strong>εἰς</strong></span> <span class='ocrx_word' id='word_1_382' title='bbox 995 2499 1036 2542; x_wconf 85' lang='grc' dir='ltr'><strong>τὸ</strong></span> <span class='ocrx_word' id='word_1_383' title='bbox 1060 2499 1300 2550; x_wconf 72' lang='grc' dir='ltr'><strong>Βυζάντιον,</strong></span> <span class='ocrx_word' id='word_1_384' title='bbox 1330 2502 1485 2553; x_wconf 75' lang='grc' dir='ltr'><strong>ἔκοψαν</strong></span> 
     </span>
     <span class='ocr_line' id='line_1_43' title="bbox 28 2554 1487 2611; baseline 0.003 -15"><span class='ocrx_word' id='word_1_385' title='bbox 28 2557 70 2597; x_wconf 79' lang='grc' dir='ltr'><strong>οἱ</strong></span> <span class='ocrx_word' id='word_1_386' title='bbox 102 2555 312 2606; x_wconf 69' lang='grc' dir='ltr'><strong>Βυζάντιοι</strong></span> <span class='ocrx_word' id='word_1_387' title='bbox 351 2557 394 2598; x_wconf 77' lang='grc' dir='ltr'><strong>ἐκ</strong></span> <span class='ocrx_word' id='word_1_388' title='bbox 430 2561 502 2598; x_wconf 84' lang='grc' dir='ltr'><strong>τοῦ</strong></span> <span class='ocrx_word' id='word_1_389' title='bbox 536 2555 667 2598; x_wconf 80' lang='grc' dir='ltr'><strong><em>ἐκεῖ”</em></strong></span> <span class='ocrx_word' id='word_1_390' title='bbox 643 2573 763 2609; x_wconf 86' lang='grc' dir='ltr'><strong>ορους</strong></span> <span class='ocrx_word' id='word_1_391' title='bbox 790 2554 999 2608; x_wconf 75' lang='grc' dir='ltr'><strong>κοντᾶρια,</strong></span> <span class='ocrx_word' id='word_1_392' title='bbox 1040 2558 1107 2598; x_wconf 80' lang='grc' dir='ltr'><strong>καὶ</strong></span> <span class='ocrx_word' id='word_1_393' title='bbox 1138 2574 1265 2606; x_wconf 80' lang='grc' dir='ltr'><strong>ουτως</strong></span> <span class='ocrx_word' id='word_1_394' title='bbox 1293 2558 1433 2611; x_wconf 76' lang='grc' dir='ltr'><strong><em>ἔλαβεν</em></strong></span> <span class='ocrx_word' id='word_1_395' title='bbox 1461 2558 1487 2601; x_wconf 72' lang='grc' dir='ltr'><em>ὅ</em></span> 
     </span>
     <span class='ocr_line' id='line_1_44' title="bbox 27 2608 1487 2667; baseline 0.002 -15"><span class='ocrx_word' id='word_1_396' title='bbox 27 2608 151 2660; x_wconf 81' lang='grc' dir='ltr'><strong>τόπος</strong></span> <span class='ocrx_word' id='word_1_397' title='bbox 177 2630 252 2666; x_wconf 83' lang='grc' dir='ltr'><strong>την</strong></span> <span class='ocrx_word' id='word_1_398' title='bbox 281 2613 524 2666; x_wconf 80' lang='grc' dir='ltr'><strong><em>ἐπωνυμίαν.</em></strong></span> <span class='ocrx_word' id='word_1_399' title='bbox 581 2610 772 2667; x_wconf 64' lang='lat' dir='ltr'><strong>,condem</strong></span> <span class='ocrx_word' id='word_1_400' title='bbox 802 2614 960 2653; x_wconf 83' lang='lat' dir='ltr'><strong>Graecis</strong></span> <span class='ocrx_word' id='word_1_401' title='bbox 993 2615 1273 2654; x_wconf 72' lang='lat' dir='ltr'><strong>recentioribus</strong></span> <span class='ocrx_word' id='word_1_402' title='bbox 1302 2615 1487 2655; x_wconf 78' lang='lat' dir='ltr'><strong>dicuntur</strong></span> 
     </span>
     <span class='ocr_line' id='line_1_45' title="bbox 26 2667 369 2708; baseline 0.012 -4"><span class='ocrx_word' id='word_1_403' title='bbox 26 2667 178 2706; x_wconf 72' lang='lat' dir='ltr'><strong>hastae.</strong></span> <span class='ocrx_word' id='word_1_404' title='bbox 233 2671 369 2708; x_wconf 50' lang='lat' dir='ltr'><strong>Lim.</strong></span> 
     </span>
    </p>

    <p class='ocr_par' dir='ltr' id='par_1_5' title="bbox 28 2722 1483 2834">
     <span class='ocr_line' id='line_1_46' title="bbox 139 2722 1483 2779; baseline 0.002 -17"><span class='ocrx_word' id='word_1_405' title='bbox 139 2737 178 2774; x_wconf 85' lang='lat' dir='ltr'><strong>p.</strong></span> <span class='ocrx_word' id='word_1_406' title='bbox 198 2725 251 2766; x_wconf 85' lang='grc'><strong>85</strong></span> <span class='ocrx_word' id='word_1_407' title='bbox 270 2739 308 2763; x_wconf 82' lang='lat' dir='ltr'><strong>v.</strong></span> <span class='ocrx_word' id='word_1_408' title='bbox 331 2729 396 2767; x_wconf 81' lang='lat'><strong>12.</strong></span> <span class='ocrx_word' id='word_1_409' title='bbox 453 2722 760 2778; x_wconf 69' lang='grc' dir='ltr'><strong>ἀρχιστράτηγον</strong></span> <span class='ocrx_word' id='word_1_410' title='bbox 783 2725 923 2763; x_wconf 80' lang='lat' dir='ltr'><strong>Graeci</strong></span> <span class='ocrx_word' id='word_1_411' title='bbox 945 2723 1182 2763; x_wconf 82' lang='lat' dir='ltr'><strong>Michaelem</strong></span> <span class='ocrx_word' id='word_1_412' title='bbox 1202 2725 1483 2779; x_wconf 75' lang='lat' dir='ltr'><strong>archangelum</strong></span> 
     </span>
     <span class='ocr_line' id='line_1_47' title="bbox 28 2782 1483 2834; baseline 0.003 -18"><span class='ocrx_word' id='word_1_413' title='bbox 28 2786 171 2818; x_wconf 80' lang='lat' dir='ltr'><strong>vocant</strong></span> <span class='ocrx_word' id='word_1_414' title='bbox 199 2783 314 2832; x_wconf 79' lang='lat' dir='ltr'><strong>quasi</strong></span> <span class='ocrx_word' id='word_1_415' title='bbox 341 2796 547 2821; x_wconf 73' lang='lat' dir='ltr'><strong>summum</strong></span> <span class='ocrx_word' id='word_1_416' title='bbox 575 2782 755 2820; x_wconf 76' lang='lat' dir='ltr'><strong>caelestis</strong></span> <span class='ocrx_word' id='word_1_417' title='bbox 778 2782 945 2819; x_wconf 81' lang='lat' dir='ltr'><strong>militiae</strong></span> <span class='ocrx_word' id='word_1_418' title='bbox 974 2782 1215 2834; x_wconf 78' lang='lat' dir='ltr'><strong>principem,</strong></span> <span class='ocrx_word' id='word_1_419' title='bbox 1248 2791 1293 2823; x_wconf 85' lang='lat' dir='ltr'><strong>ut</strong></span> <span class='ocrx_word' id='word_1_420' title='bbox 1317 2790 1483 2824; x_wconf 72' lang='lat' dir='ltr'><strong>testatur</strong></span> 
     </span>
    </p>
   </div>
  </div>
 </body>
</html>
