1754 2990
445 135 519 178 AD
555 133 816 178 commun
848 133 1051 178 NOTAE.
1375 134 1474 181 253

133 270 175 308 p.
205 255 259 298 58
290 266 328 293 v.
344 254 425 295 ·16.
480 267 552 306 pro
593 250 827 303 Φιλοδοὶρου
861 267 942 293 non
971 253 1108 292 dubito
1136 254 1232 308 quin
1259 253 1476 306 legendum

23 313 76 350 sit
115 308 350 364 Φιλοχόρου.
371 342 373 346 ⁴
406 323 553 362 nempe
579 308 647 348 hic
673 308 937 349 Philochorus
964 309 1220 350 Atheniensis
1248 318 1331 359 est,
1372 314 1478 350 anti-

25 380 127 420 quus
162 368 231 405 ille
273 373 314 405 et
348 367 512 405 celebris
550 365 782 415 historicus,
825 369 895 419 qui
933 368 982 404 ab
1020 367 1228 406 Athenaeo
1263 367 1479 407 Plutarcho

20 425 328 476 Harpocratione
354 423 528 461 Eusebio
558 430 598 461 et
626 424 715 461 aliis
737 425 887 474 passim
909 425 1063 462 citatur.
1119 437 1198 477 quo
1220 428 1353 462 autem
1374 432 1480 463 tem-

21 495 118 532 pore
146 481 291 520 vixerit
319 486 359 517 et
388 492 490 532 quae
520 481 740 531 scripserit,
771 482 1002 531 plenissime
1027 481 1148 519 refert
1174 480 1334 522 Suidas.
1389 495 1483 520 cae-

20 544 153 576 terum
187 535 282 574 huic
322 535 464 574 Codini
503 537 592 574 loco
631 535 817 585 debetur,
861 536 971 589 quod
1004 539 1152 576 scimus
1189 539 1324 590 ipsum
1358 538 1484 577 fuisse

22 606 149 632 unum
179 605 232 630 ex
262 591 495 630 decemviris
524 591 831 631 Atheniensium
862 595 1099 646 nuncupatis
1131 597 1349 647 λογισταῖς,
1394 595 1486 647 qui-

21 650 98 688 bus
128 662 266 687 omnes
295 650 528 700 magistratu
549 650 677 686 functi
697 650 867 687 rationes
889 649 1108 688 reddebant
1131 650 1485 690 administrationis

23 707 83 744 rei
121 705 316 758 publicae.
383 705 432 743 de
471 704 580 743 hisce
618 706 772 756 legistis
811 720 882 744 seu
920 708 1119 746 rationum
1155 708 1355 759 magistris
1394 707 1486 746 vide

22 764 376 814 Harpocrationem
414 769 453 800 et
489 763 745 800 Aristotelem
781 764 900 801 Polit.
927 765 953 803 6
1001 764 1048 812 8,
1103 770 1143 802 et
1175 763 1415 803 Aeschinem
1442 766 1487 802 in

23 821 200 857 oratione
230 825 365 856 contra
392 818 705 858 Demosthenem
734 825 774 856 et
797 817 1108 871 Ctesiphontem.
1164 821 1318 859 Latinis
1344 820 1488 859 dieun-

23 883 90 913 tur
126 881 323 914 curatores
359 877 416 913 rei
444 876 647 926 publicae,
690 882 734 912 ut
763 875 791 914 l.
821 883 987 916 curator.
1017 877 1060 914 C.
1095 875 1144 914 de
1172 875 1295 915 modo
1323 877 1486 915 multat.

26 938 183 970 curator
210 933 268 969 rei
295 931 500 983 publicae,
546 934 615 984 qui
646 933 796 970 Graeco
825 932 1017 971 vocabulo
1047 932 1195 984 legista
1220 941 1485 985 nuncupatur,

25 986 225 1026 multandi
252 989 315 1025 ius
343 1001 426 1026 non
454 986 588 1029 habet.
646 990 779 1026 Lam.

137 1058 176 1095 p.
205 1045 258 1083 58
287 1057 323 1084 v,
356 1046 421 1085 18
479 1045 679 1095 Δαναεία]
709 1058 800 1083 vera
824 1045 942 1083 lectio
965 1051 1025 1082 est
1043 1045 1234 1085 Δαναεία.
1291 1043 1387 1082 dicit
1410 1044 1488 1082 Co-

26 1099 143 1138 dinus
173 1101 356 1138 Iconium
384 1101 490 1138 alias
511 1114 668 1153 quoque
698 1102 943 1153 appellatum
972 1101 1096 1139 fuisse
1124 1097 1244 1142 πόλιν
1272 1101 1489 1149 Δαναείαν,

24 1170 194 1206 nempe,
230 1163 275 1194 ut
312 1157 471 1208 opinor,
512 1170 534 1194 a
571 1158 716 1195 Perseo
752 1159 909 1195 Danaes
949 1157 1052 1205 filio,
1091 1158 1175 1196 sive
1215 1156 1322 1208 quod
1350 1157 1400 1194 ab
1429 1170 1489 1204 eo,

25 1211 367 1266 quemadmodum
392 1214 514 1264 aliqui
540 1212 722 1261 tradunt,
752 1212 851 1251 haec
873 1213 967 1251 urbs
990 1212 1147 1251 condita
1171 1215 1243 1261 sit,
1276 1214 1360 1251 sive
1381 1212 1490 1264 quod

25 1270 84 1307 ibi
118 1268 416 1307 Andromedam
448 1267 616 1307 dracone
646 1271 774 1307 occiso
804 1282 826 1306 a
854 1275 980 1307 morte
1009 1269 1250 1307 liberaverit.
1309 1269 1490 1308 similiter

25 1327 161 1377 ipsum
198 1327 390 1364 Perseum
429 1325 592 1364 Ovidius
633 1326 873 1363 Graecorum
908 1325 1128 1364 imitatione
1172 1331 1288 1364 vocat
1326 1324 1491 1363 heroem

26 1383 263 1420 Danaeium.
320 1384 452 1420 Imm.

139 1452 181 1489 p.
212 1438 265 1478 59
294 1451 333 1478 v,
366 1441 388 1479 1
421 1451 481 1491 sq.
538 1437 582 1479 ἐν
609 1440 666 1493 τῷ
694 1433 849 1491 μεγάλῳ
877 1439 1028 1492 λουτρῷ
1054 1439 1129 1478 τοῦ
1159 1436 1490 1487 Κωνσταντίνου]

28 1496 71 1531 in
110 1495 298 1546 anonymi
336 1495 551 1533 Collectau.
587 1495 735 1545 legitur
778 1493 821 1534 ἐν
858 1496 911 1548 τῷ
951 1496 1301 1540 Κωνσταντιαναῖς
1328 1495 1492 1544 λουτρῶ.

30 1564 102 1602 pro
134 1551 439 1592 Κωνσταντίνου
468 1552 590 1601 igitur
616 1549 871 1588 scribendum
899 1548 1055 1587 videtur
1087 1549 1384 1589 Κωνσταντίου.
1443 1533 1493 1585 de

29 1606 197 1645 thermis
238 1607 530 1646 Constantianis
569 1619 687 1658 saepe
728 1607 772 1643 fit
807 1607 958 1643 mentio
988 1604 1094 1657 apud
1123 1606 1332 1656 scriptores
1362 1603 1492 1642 hino-‘-

32 1665 112 1700 riae
142 1664 229 1711 ΟΡ,
267 1670 307 1701 et
336 1663 443 1714 apud
470 1665 601 1714 ipsum
630 1661 829 1699 Codinum
856 1675 896 1711 p.
924 1662 977 1702 93
1005 1674 1043 1700 v.
1072 1659 1137 1701 14.
1196 1659 1341 1698 Suidas
1371 1660 1491 1698 refert

32 1718 263 1757 Henadium
301 1718 622 1756 Alexandrinum
660 1718 984 1767 grammaticum,
1029 1717 1099 1768 qui
1138 1723 1315 1767 tempore
1352 1715 1492 1753 Theo—

35 1775 137 1814 dosii
169 1776 335 1812 iunioris
366 1775 487 1822 vixit,
526 1775 728 1824 scripsisse
759 1772 951 1823 ἔκφρασιν
979 1774 1055 1812 τοῦ
1082 1774 1251 1824 λουτροῦ
1278 1774 1494 1812 Κωνσταν-

32 1833 180 1872 τιαναῖν
216 1844 288 1869 seu
323 1831 620 1880 descriptionem
648 1829 890 1865 thermarum
925 1829 1308 1867 Constantianamm.
1364 1829 1491 1866 Lim.

147 1901 187 1938 p.
218 1887 271 1927 59
298 1899 335 1927 v.
368 1888 406 1926 9.
464 1882 629 1938 Σάββα]
660 1883 725 1922 hic
754 1892 812 1923 est
840 1885 882 1924 S.
912 1884 1044 1923 Sabba
1073 1885 1214 1933 abbas,
1246 1885 1316 1936 qui
1341 1885 1384 1921 in
1411 1885 1493 1922 Pa-

35 1945 204 1982 laestina
231 1943 332 1980 miro
362 1943 578 1980 sanctitatis
613 1942 799 1992 exemplo
832 1941 1007 1989 refulsit,
1050 1948 1089 1979 et
1117 1942 1179 1979 bis
1209 1953 1232 1978 a
1259 1938 1492 1992 patriarchis

35 2000 404 2052 Hierosolymitanis
454 1998 505 2036 ad
551 1999 805 2036 Anastasium
852 2004 890 2035 et
930 1998 1194 2036 lastinianum
1235 1998 1493 2048 imperatores

36 2058 193 2109 Cpolim
234 2057 388 2107 legatus
433 2062 513 2103 est,
557 2055 626 2092 ubi
668 2068 739 2105 pro
782 2052 860 2090 fide
899 2052 1091 2092 catholica
1131 2053 1318 2091 adversus
1358 2054 1495 2103 impu-

37 2120 203 2164 gnantes
243 2119 419 2151 sanctam
460 2110 657 2164 synodum
695 2108 1056 2148 Chalcedonensem
1090 2117 1250 2148 strenue
1286 2108 1494 2146 laboravit.

38 2171 155 2221 plura
191 2167 284 2207 vide
325 2168 374 2206 de
412 2181 458 2206 eo
494 2169 536 2205 in
566 2168 804 2218 Menologiis
834 2167 1074 2206 Graecorum
1103 2165 1167 2204 die
1196 2166 1222 2206 5
1249 2165 1493 2203 Decembris.

38 2227 171 2263 Lim.

150 2294 191 2332 p.
221 2278 276 2321 59
303 2293 339 2320 v.
370 2277 434 2320 14.
491 2274 758 2330 διφρηλάτης]
800 2279 976 2330 loquitur
1011 2277 1060 2316 de
1088 2283 1218 2315 statua
1246 2274 1496 2328 quadrigaria

42 2337 290 2375 Constantini
318 2337 474 2386 magni,
504 2348 606 2387 quae
635 2337 759 2373 instar
786 2336 881 2373 solis
912 2336 1038 2387 capite
1067 2332 1217 2371 radiato
1244 2333 1374 2370 efficta
1398 2338 1494 2380 erat,

42 2401 83 2431 et
122 2392 263 2430 dextra
291 2393 469 2442 gestabat
500 2392 774 2438 Victoriolam,
816 2404 917 2443 quae
944 2405 1015 2443 pro
1044 2391 1218 2427 Fortuna
1246 2390 1354 2427 urbis
1387 2389 1496 2426 cole-

41 2450 170 2488 batur.
227 2449 395 2486 iusserat
442 2455 575 2485 autem
621 2447 901 2486 Constantinus
941 2454 985 2485 ut
1024 2446 1233 2498 quotannis
1271 2443 1370 2482 haec
1413 2445 1497 2483 eius

43 2513 173 2544 statua
209 2505 334 2541 natali
371 2504 478 2541 urbis
516 2503 580 2541 die
610 2517 632 2541 a
660 2504 808 2541 civibus
838 2511 876 2542 et
904 2504 1080 2542 exercitu
1107 2504 1149 2539 in
1179 2500 1497 2553 Hippodromum

45 2561 97 2599 ad
129 2562 302 2599 tribunal
335 2561 633 2612 imperatorium
671 2559 928 2598 deduceretur
957 2567 1075 2611 atque
1103 2559 1258 2596 solenni
1287 2564 1326 2595 et
1352 2563 1496 2596 statuto

43 2617 195 2656 honore
236 2617 474 2666 afficeretur,
518 2617 577 2654 uti
618 2617 738 2653 etiam
774 2617 922 2654 factum
958 2623 1016 2654 est
1048 2628 1173 2666 usque
1203 2612 1254 2651 ad
1283 2614 1494 2665 imperium

45 2673 263 2712 Theodosii
293 2675 441 2725 magni.
499 2673 548 2711 de
576 2670 650 2710 hac
679 2673 924 2711 Constantini
953 2673 1087 2722 magui
1117 2676 1245 2708 statua
1275 2677 1313 2708 et
1341 2670 1493 2708 solenni

46 2731 131 2767 eius
171 2728 405 2768 deductione
442 2732 484 2767 in
524 2727 837 2780 Hippodromum
869 2730 1114 2766 mentionem
1141 2728 1235 2766 facit
1262 2724 1494 2780 Hesychius.

46 2788 144 2823 item
173 2784 346 2825 eodinus
373 2800 414 2838 p.
444 2788 494 2827 17
525 2799 562 2824 v.
593 2787 642 2826 16
672 2791 711 2823 et
738 2799 778 2837 p.
801 2784 855 2826 40
882 2798 918 2822 v.
946 2786 985 2824 6.
1042 2785 1171 2823 Ianus.
